2015 3490
643 252 738 312 2448
844 232 1711 303 ANNOTATIONES

644 341 697 378 ita
723 352 794 379 nec
817 338 970 380 nostros
995 353 1124 381 mores
1144 340 1352 381 hodiernos
1372 340 1572 382 defendere
1595 342 1780 392 sustineo,
1801 345 1902 398 apud
1956 350 1985 394 ζ.

643 405 745 445 quos
757 406 869 432 coma
883 393 1043 432 ascititia
1055 394 1179 447 vulgo
1195 407 1300 434 nunc
1310 396 1382 434 toti
1392 397 1569 448 cooperti
1583 397 1658 436 viri
1668 399 1732 436 vel
1742 397 1903 439 feminas
1957 391 1973 438 fi,
1987 432 1989 441 ,
2003 400 2010 444 ῑ,

641 445 720 498 ipsa
740 447 863 485 bacin
876 458 980 499 parte
993 447 1089 487 luxu
1102 459 1294 487 anteeant.
1307 447 1562 488 Casaubonus
1582 449 1688 490 aliter
1701 463 1781 490 rem
1792 452 1904 492 intel·
1986 471 1992 494 γ
2005 446 2008 449 ’

643 499 742 551 figit,
758 512 872 552 quem
885 499 913 538 s1
924 500 1039 548 lubet5
1052 500 1206 540 consule
1217 501 1261 539 ad
1272 501 1469 554 Theophr.
1481 501 1597 542 Char.
1609 517 1644 555 p.
1657 517 1750 552 240:
1766 505 1801 543 ἒν
1816 505 1903 558 χρςῖἱ

646 554 804 603 κουρίας·
827 568 897 592 non
913 555 956 607 est
971 554 1096 605 curiose
1109 566 1213 606 caput
1227 554 1406 606 detonsus,
1428 556 1478 594 uti
1491 571 1554 595 nos
1568 557 1661 594 hodie
1674 557 1710 595 in
1721 558 1826 596 barba
1843 573 1904 597 m-

643 608 754 644 denda
768 607 866 646 multi
874 608 1007 657 sumus.
1025 609 1200 646 abhorrent
1211 608 1293 647 haec
1304 623 1327 646 a
1341 609 1542 659 Cynicorum
1555 609 1700 661 ingenio,
1714 611 1772 662 qui
1780 612 1904 662 procul
1959 606 1961 651 Ξ
1989 631 1992 641 ¹
2013 627 2015 636 ¹

644 660 744 699 dubio
755 690 767 710 ‚
780 658 908 713 fbrcipc
921 661 955 698 δ’
969 661 1080 713 craffa
1090 661 1253 699 Minerva
1274 662 1414 714 capillos
1425 664 1604 700 tondebant
1614 692 1624 710 ,
1648 677 1716 701 non
1730 665 1902 704 novacula
1960 693 1962 701 .

644 715 815 752 radebant.
833 713 924 753 Vid.
936 715 1099 753 omnino
1113 721 1241 766 Δροιπ.
1257 726 1290 752 c.
1307 727 1371 761 27,
1387 715 1427 754 δι
1439 727 1541 766 quae
1559 715 1632 755 illic
1643 727 1824 756 annotata
1835 730 1904 757 ex·
1962 745 1984 766 „2
2013 709 2015 712 ⁴

1975 776 1990 790 t

643 766 752 806 stant.
773 766 1059 819 Theophrastus
1072 783 1115 806 π.
1133 768 1405 820 μικρολογίας,
1430 780 1569 808 avaros
1595 771 1646 808 ait
1664 769 1753 808 istos
1771 769 1845 809 effe
1867 771 1903 810 ἐν

643 820 728 873 χρῷ
739 821 973 872 κειρομέιιους,
986 834 1022 874 p.
1037 835 1096 873 34.
1106 820 1226 868 Idem,
1236 818 1418 872 siquidem
1428 821 1613 873 genuinus
1627 821 1680 861 est
1690 822 1751 862 ille
1760 821 1902 871 foetus,

644 886 727 926 cap.
741 889 784 913 π.
797 875 1046 926 ὀλιγαρχίαις,
1061 886 1146 926 pag.
1158 887 1209 924 70
1221 872 1267 912 C.
1282 873 1327 912 de
1339 874 1427 913 viro
1449 875 1694 927 optimatium
1708 886 1833 928 partes
1848 875 1903 916 se·
1969 900 1991 930 3
2011 882 2015 902 “’

643 927 770 966 &ante
794 927 882 967 dicit
895 957 906 974 ,
929 940 1016 967 eum
1029 929 1145 977 μέσην
1159 928 1285 978 κουρὰν
1302 929 1531 978 κεκαρμένον.
1555 927 1752 981 Diogenes
1765 929 1902 970 heriles

645 980 745 1020 filios
766 981 800 1020 ἐν
815 979 902 1032 χρῷ
916 982 1061 1033 κουρίας
1078 995 1121 1019 τε
1140 982 1204 1019 καὶ
1224 980 1543 1020 ἀκαλλωπίστους
1556 981 1762 1034 εἰργάζετο,
1778 983 1842 1022 καὶ
1855 983 1904 1020 ἐο-

643 1035 814 1087 χίτωνοις
828 1035 893 1072 καὶ
904 1033 1170 1073 ἀνυποθέτως.
1183 1033 1301 1086 Diog.
1313 1034 1439 1074 Laert.
1457 1048 1526 1087 145
1540 1035 1584 1074 B.
1601 1036 1699 1074 Hor.
1712 1034 1824 1087 Epist.
1840 1035 1903 1084 18,

643 1088 678 1132 I,
690 1102 728 1126 v,
739 1088 776 1133 6,
788 1086 993 1140 asperitatis
1007 1086 1160 1140 agrestis
1173 1086 1246 1126 effe
1260 1087 1309 1125 ait
1320 1088 1450 1138 tonstzm
1462 1099 1578 1126 cutem.
1595 1088 1704 1127 Adde
1715 1089 1773 1128 his
1783 1090 1903 1129 omni-

643 1141 716 1180 bus
731 1141 769 1233 ξι
783 1140 952 1180 nostrum
967 1142 1012 1181 de
1025 1139 1156 1194 reipsa
1171 1142 1211 1181 &
1227 1140 1350 1194 phrasi
1359 1140 1569 1194 ’Avass.cap.
1581 1142 1647 1191 46,
1663 1143 1705 1181 &
1715 1149 1802 1181 Δικ.
1816 1155 1902 1196 cap.

646 1208 710 1234 20.
760 1204 889 1234 OLAN.

697 1251 770 1286 ead.
782 1249 802 1285 l.
815 1262 850 1299 9.
865 1246 965 1285 Πολύ
980 1260 1017 1286 τι
1032 1245 1189 1300 πλῆθος)
1208 1246 1321 1286 Unde
1333 1247 1426 1286 haec
1438 1257 1542 1286 tanta
1553 1247 1590 1286 in
1605 1246 1696 1287 foro
1707 1247 1902 1301 exspeaaa

643 1301 701 1341 tio
710 1332 721 1348 ,
742 1300 849 1340 facile
862 1300 1069 1353 intelligent
1079 1329 1090 1346 ‚
1104 1301 1172 1352 qui
1185 1300 1278 1340 haec
1291 1300 1348 1339 M.
1364 1301 1529 1341 Aurelio
1541 1301 1675 1341 Stoico
1689 1301 1900 1355 imperante

643 1354 780 1407 scripta
803 1355 1053 1394 meminerint.
1074 1353 1231 1393 SOLAN.

698 1409 733 1446 in
747 1409 862 1447 Sclzol.
879 1409 943 1446 col.
962 1421 992 1446 1.
1003 1408 1025 1446 l.
1037 1408 1072 1446 6.
1085 1405 1312 1460 Δηλοῦντες)
1328 1406 1453 1446 Multa
1467 1407 1527 1446 hic
1543 1407 1800 1447 emendavi&
1812 1407 1902 1462 sup*

642 1460 768 1514 plevi,
780 1460 841 1501 sed
854 1461 1027 1500 nondum
1045 1461 1192 1500 omnia:
1214 1473 1301 1499 nam
1316 1461 1407 1512 quid
1421 1460 1473 1499 est
1486 1460 1576 1500 illud
1591 1461 1653 1501 ἐπὶ
1667 1460 1758 1508 τῶν;
1777 1460 1816 1501 ‘H
1837 1461 1902 1500 ἀο-

641 1516 767 1569 ριστίοι
779 1516 844 1554 τοῦ
855 1515 1032 1566 ὀνόματος
1049 1514 1297 1567 συγκρύπτει·
1320 1509 1435 1552 οὕτως
1450 1513 1479 1552 οἱ
1497 1514 1657 1553 ποιλοιιοὶ
1672 1513 1819 1554 εἰώθασι
1835 1515 1902 1555 λέ-

641 1582 743 1620 γειν.
757 1568 806 1609 G.
826 1569 982 1608 SOLAN.
999 1567 1040 1606 In
1059 1570 1100 1607 V.
1115 1567 1155 1606 δε
1169 1567 1225 1607 ed.
1239 1567 1289 1606 A.
1304 1566 1393 1606 fuit:
1414 1566 1481 1606 τοῦ
1493 1567 1682 1618 ὀνόματος,
1695 1569 1740 1606 τὸ
1755 1563 1903 1608 ὑποκεί-

640 1636 757 1672 μενον.
782 1634 948 1645 ········
971 1619 1127 1660 λοῦντες·
1151 1631 1280 1660 cetera
1293 1622 1540 1660 conveniunt.
1566 1621 1676 1673 Quid
1699 1620 1767 1660 fibi
1780 1622 1874 1661 velit
1884 1649 1899 1671 ,

643 1675 743 1714 haud
758 1674 961 1715 obscurum
973 1673 1043 1714 est:
1064 1673 1249 1714 strufiura
1264 1684 1394 1714 tamen
1413 1675 1598 1714 orationis
1612 1687 1694 1714 non
1705 1673 1790 1714 satis
1803 1687 1902 1715 con·

643 1728 724 1767 stat.
740 1729 856 1768 Forte
869 1729 1068 1781 legendum
1080 1741 1088 1767 :
1108 1729 1340 1781 προάγοντες
1351 1728 1413 1766 ἐπὶ
1429 1726 1485 1777 τῷ
1495 1727 1746 1782 συγκρύπτειν
1760 1728 1814 1776 τὶ,
1821 1729 1902 1775 βου-

643 1782 787 1831 λόμενοι
803 1782 848 1822 s'e
863 1781 911 1833 τῇ
926 1782 962 1821 ἀ.
977 1779 1043 1821 τοῦ
1057 1780 1228 1832 ὀνόματος
1245 1784 1287 1820 το
1307 1777 1539 1831 ὑποκείμενον
1558 1780 1706 1822 δηλοῦν·
1727 1780 1794 1820 nifi
1813 1782 1902 1835 quis

644 1836 770 1875 malit:
785 1835 914 1895 προξογ
920 1849 1033 1883 οντες,
1040 1835 1108 1875 ’ἐπὶ
1117 1833 1455 1887 orotvcvyupz‘mr‘tew
1466 1835 1502 1874 τὶ
1517 1834 1742 1885 βουλόμενοι,
1753 1834 1800 1884 τῇ
1809 1835 1901 1885 ἀορι-

643 1890 734 1939 στίοι
750 1888 795 1928 ἓὲ
814 1903 877 1927 του
892 1890 1066 1940 ὀνόματος
1086 1891 1127 1926 τὸ
1146 1886 1379 1937 ὑποκείμενον
1400 1885 1613 1928 ἓηλοῧντες.
1639 1887 1797 1937 Ἀφελῶς
1817 1900 1900 1928 non
1958 1898 1962 1903 '
2011 1935 2013 1942 Α

641 1943 803 1995 repudio
818 1942 971 1995 quidem
985 1958 995 1982 :
1007 1952 1175 1982 attamen
1186 1941 1223 1980 in
1237 1950 1402 1981 mentem
1414 1941 1520 1981 venit
1534 1941 1690 1988 ἀτελῶς,
1706 1941 1804 1981 idem
1819 1939 1900 1982 fere

641 1997 750 2048 quod
767 1996 957 2049 ἀορίστως,
977 2009 1060 2049 quo
1075 1994 1298 2036 scholiastes
1309 1993 1396 2034 usus
1407 1994 1460 2034 est
1473 1995 1520 2034 ad
1535 1996 1604 2035 Δὶς
1617 1994 1749 2036 Κέοτην·
1764 1994 1832 2035 ubi
1852 1995 1900 2036 de

642 2053 686 2090 το
701 2049 816 2089 δεῖνα.
840 2050 1007 2090 Hmsr.
1884 2071 1890 2080 -

683 2104 760 2142 ibid.
771 2103 834 2142 col.
847 2117 881 2142 2.
892 2104 916 2141 l.
929 2101 1205 2155 2.Ἀποο·γκ“ος)
1219 2101 1344 2155 [Haec
1352 2101 1420 2154 qui
1433 2112 1522 2141 ante
1534 2114 1595 2141 me
1603 2099 1803 2154 descripsit,
1815 2113 1898 2142 non

641 2156 804 2210 potuisse
815 2155 852 2195 se
862 2156 1001 2209 assequi
1009 2156 1215 2209 legendoin
1226 2156 1430 2209 exemplari
1441 2156 1544 2194 dixit.
1555 2153 1716 2208 Scrimg.]
1728 2154 1777 2195 G.
1787 2154 1899 2207 Quid

641 2209 711 2249 sub
726 2212 924 2262 ἀποσγκος
934 2210 1061 2255 lateat,
1074 2208 1217 2249 nescio:
1233 2208 1292 2248 sed
1309 2209 1609 2259 συμπηπτομένη
1627 2207 1828 2260 legendum
1842 2207 1898 2248 est

642 2277 715 2316 pro
725 2263 856 2303 ultima
867 2262 995 2302 scholii
1006 2275 1116 2302 voce.
1129 2263 1285 2302 SOLAN.
1299 2261 1467 2302 Primum
1479 2263 1527 2301 ab
1542 2263 1649 2302 initio
1661 2261 1825 2314 suppleri
1838 2261 1900 2302 de·

643 2318 720 2363 bet,
733 2317 794 2356 Ὡς
812 2316 878 2357 τῆς
894 2316 949 2355 Κῶ
959 2316 1152 2368 διαφόρους
1164 2316 1328 2369 ἐχούσης
1342 2316 1406 2356 vel
1419 2314 1611 2367 φερούσης.
1632 2315 1769 2368 Aptius
1781 2314 1827 2354 ad
1837 2327 1896 2354 ra·

644 2371 790 2409 tionem
817 2371 981 2409 nominis
1002 2370 1259 2422 explicandam
1287 2369 1477 2422 scripsiffet
1498 2368 1563 2409 τῆς
1586 2369 1733 2420 Καρίας·
1759 2381 1898 2421 quam·

643 2437 758 2476 quam
774 2436 842 2463 nec
855 2422 971 2463 insula
987 2422 1068 2463 Cos
1080 2422 1277 2462 adversum
1291 2422 1444 2462 Cariam
1457 2421 1522 2461 sita
1532 2422 1607 2462 hoc
1618 2421 1764 2461 frufius
1781 2421 1898 2460 arbu-

642 2479 694 2516 tei
708 2489 860 2530 genere,
871 2489 997 2529 eoque
1010 2476 1335 2529 praestantissimo,
1347 2475 1460 2516 fuerit
1471 2475 1658 2515 destituta.
1672 2474 1824 2514 Deinde
1833 2473 1906 2524 σύ(

644 2544 712 2572 κων
725 2530 771 2570 ab
785 2531 938 2584 ingenio
953 2530 1101 2571 leaoris
1115 2531 1216 2572 acuti
1229 2529 1443 2583 profectum
1467 2541 1614 2583 partem
1634 2529 1743 2570 vocis
1764 2527 1897 2581 proxi·
