2015 3490
295 195 381 242 IN
432 194 535 241 DE
588 191 1133 247 SACRIFLCIIS.
1257 210 1350 262 415

80 292 128 326 to
139 283 233 324 irata
245 311 256 331 ,
277 282 385 334 quod
403 281 578 335 neglefla
597 280 709 321 fuerit
733 282 772 320 in
787 280 913 321 Oenei
933 279 1142 329 sacrificio,
1161 281 1249 321 vide
1269 283 1357 323 Ho-

84 350 233 378 merum
255 335 358 375 Iliad.
383 349 469 383 1,v.
491 350 576 389 530.
597 336 642 377 de
663 335 786 387 epulis
810 347 940 374 autem
956 365 969 382 ,
988 335 1128 388 quibus
1148 336 1354 377 duodecim

81 392 193 432 Deos
208 402 442 444 exceperunt
450 390 675 442 Aethiopes,
689 389 791 428 Iliad.
804 389 855 437 ιε’,
868 403 906 427 ν.
916 402 1007 439 425.
1018 389 1190 428 GRAEv.
1207 391 1276 428 Καί
1285 406 1359 440 μοι

81 445 215 498 δοκεῖ)
229 445 304 483 Pro
318 456 368 484 eo
380 474 392 490 ,
408 457 496 484 cum
510 456 559 482 ex
575 443 656 483 MS.
674 443 709 481 id
723 443 864 494 probat
874 472 884 488 ‚
900 442 1012 481 etiam
1023 445 1096 493 fine
1109 444 1212 481 MSti
1225 446 1356 496 opefh-

80 499 142 539 cile
155 498 324 552 quemvis,
341 498 398 550 qui
415 499 564 536 animum
586 500 761 541 attendat,
768 497 979 547 scribendum
998 496 1060 548 effe
1073 501 1138 535 καί
1148 512 1212 546 μοι
1226 497 1328 537 som]
1339 529 1357 548 ,

80 553 191 592 videre
196 553 304 606 poſje,
315 553 367 590 ait
379 551 567 591 veriffime
577 551 638 589 vir
649 549 818 589 summus
835 549 865 588 I.
878 549 927 589 G.
942 549 1147 588 Graevius.
1165 550 1218 588 A:
1231 564 1353 592 unum

77 616 206 646 tamen
220 603 627 646 Amstelaedamensem
642 617 690 643 ex
707 616 845 643 eorum
855 633 866 649 ‚
881 603 949 655 qui
964 603 998 641 id
1011 603 1142 643 videre
1155 617 1223 657 per
1241 604 1277 645 se
1296 605 1356 646 fa-

75 660 148 699 cile
164 659 326 714 poffint‚
341 671 507 698 numero
528 657 732 711 excepiffet
753 657 813 696 vir
836 656 1129 703 eruditiffimus,
1144 658 1170 695 si
1187 669 1268 697 tum
1284 674 1352 711 pa-

38 744 43 751 .
75 713 152 753 lam
171 713 319 759 fuisset,
334 712 478 752 exstare
495 713 682 764 aliquem,
699 710 874 750 Graecae
894 710 1044 763 linguae
1064 712 1241 750 notitiam
1259 726 1350 765 prae

76 766 115 806 se
130 766 335 815 ferentem,
351 768 480 820 quide
496 767 612 806 huius
631 764 719 806 dieti
743 765 936 817 probitate
958 765 1157 804 dubitaret.
1184 766 1238 804 At
1262 766 1350 806 satis

75 831 159 860 tum
175 851 185 867 ‚
201 834 290 861 cum
306 831 532 860 moveretur
550 820 664 867 haec,
680 819 790 871 digna
804 819 943 858 scilicet
957 819 1045 858 viro
1064 818 1223 858 Graecis
1235 820 1354 860 literis

77 874 220 921 docio,
242 874 526 922 controversia,
543 875 711 926 optimae
733 884 847 912 notae
870 871 1094 912 auetoribus
1115 872 1350 914 confirmata

73 928 130 968 est
144 929 260 969 diffio
272 929 335 980 μοὶ
349 928 464 974 som,
478 929 517 967 in
529 941 607 980 qua
621 928 697 981 ἐγὼ
716 925 820 979 poffe
836 926 874 967 ἃ
890 927 975 965 addi
996 926 1037 966 &
1051 927 1198 975 omitti,
1214 929 1347 978 pueri,

72 994 156 1022 non
169 984 269 1029 viri,
284 982 445 1022 docendi
459 994 577 1021 erant.
593 982 680 1035 Age
694 993 844 1027 tamen,
857 980 1067 1034 probemus
1080 993 1128 1020 ex
1147 980 1348 1022 terfiffimo

76 1035 209 1077 nostro
223 1037 394 1076 Luciano
408 1035 529 1089 ipsum
546 1036 592 1088 ἐγ
601 1035 641 1084 ὼ,
655 1036 719 1075 vel
733 1033 865 1087 ἔγωγέ
875 1050 939 1085 μοι
953 1033 1065 1080 saud,
1081 1035 1240 1089 totidem
1257 1050 1348 1075 ver-

73 1090 134 1129 bis
146 1091 184 1130 &
199 1091 325 1130 literis.
344 1090 441 1131 Ecce
455 1089 596 1130 Noster
610 1090 648 1128 in
663 1088 890 1129 Herodoto:
906 1088 1000 1142 ’li-y&
1016 1088 1083 1138 μὲν
1097 1089 1157 1129 οὑν
1172 1091 1223 1128 τὰ
1237 1086 1345 1131 ἄλλοι

71 1144 206 1184 πάντα
222 1144 450 1185 ἀποπλῆσαί
465 1159 527 1194 μοι
544 1143 655 1182 son&
669 1143 713 1182 In
727 1143 937 1182 Eunucho:
955 1143 1017 1182 Ὡς
1032 1143 1158 1196 ἔγωγε
1171 1174 1180 1189 ,
1195 1144 1224 1182 εἰ
1237 1144 1346 1183 θυιά-

72 1198 140 1249 ζων
151 1198 393 1251 ἐτύγχανον,
407 1198 470 1238 ἐπὶ
486 1197 539 1246 τῷ
552 1197 703 1247 τοιούτῳ
717 1199 761 1234 τὸ,
772 1195 900 1236 ’γι-λεῖον
914 1195 1121 1248 Σιατρίψσιι
1143 1195 1188 1235 ἂν
1202 1212 1266 1247 μοι
1280 1199 1345 1237 so-

73 1250 126 1290 κὶἆ
140 1252 216 1291 δίε.
231 1253 272 1291 ln
287 1252 486 1292 Toxaride
500 1264 508 1290 ζ
526 1251 587 1290 Ὠς
601 1250 647 1303 ἔγ
655 1264 733 1304 (aye
746 1250 845 1290 πολὺ
867 1247 968 1290 {festor
982 1253 1026 1290 ἀν
1044 1265 1106 1300 μοι
1120 1249 1221 1289 5¹0an
1235 1267 1344 1301 μονο-

58 1339 61 1343 .
69 1306 217 1358 μοιχῶν
229 1305 405 1347 ἧττηθείς.
418 1307 463 1345 In
474 1305 660 1344 Parasito:
674 1305 734 1357 Ἢ)
744 1303 769 1342 ὼ
778 1306 857 1358 ’γὰρ
871 1301 949 1344 οὗθ’
962 1301 1077 1343 αὐτοῦ
1084 1319 1148 1359 (⁴5⁰¹
1163 1304 1263 1343 ἒοκῶ
1275 1306 1344 1346 τοῦ

69 1359 278 1412 Ἀχιλλέως
291 1360 564 1412 τεκμαίρεσθαι
577 1359 653 1398 τοῖς
670 1358 789 1411 ἔργοις
811 1356 926 1398 αὐτοῦ
945 1360 1057 1411 χείρω
1081 1358 1184 1398 εἶναι.
1200 1358 1242 1397 In
1263 1360 1345 1400 dia-

69 1412 168 1467 logis
182 1415 422 1454 meretriciis:
437 1413 531 1467 Ἐγὼ
550 1413 595 1452 δὲ
615 1413 677 1452 καὶ
693 1413 924 1465 ἐπιγράψειν
941 1427 1005 1462 μοι
1026 1411 1137 1451 senez.
1158 1412 1244 1451 Alia
1259 1413 1343 1453 Lu-

69 1468 170 1507 ciani
180 1468 265 1507 loca
278 1468 388 1520 plura
401 1469 554 1507 omitto.
567 1467 790 1506 Plutarchus
803 1480 964 1519 quoque
972 1467 1012 1505 in
1025 1466 1344 1519 Apophthegma.

67 1530 108 1560 te
121 1521 419 1575 Agesilai(loco
433 1522 480 1561 ab
495 1521 540 1560 cl.
556 1521 735 1561 Graevio
753 1520 798 1559 ad
816 1521 978 1559 Luciani
995 1519 1164 1559 Demon.
1185 1533 1217 1559 c.
1236 1535 1254 1573 3
1271 1522 1344 1560 ad-

68 1575 205 1629 duno)
220 1576 314 1629 Ἐγὼ
328 1576 406 1630 ’γάρ
416 1591 480 1627 μοι
493 1575 591 1614 εΡοκῶ
606 1575 677 1615 τῶν
689 1573 858 1614 τοιούτων
872 1574 1076 1620 βούλεσθαι
1092 1574 1219 1612 ἐπάνω
1235 1570 1342 1615 εἶναι.

68 1629 145 1669 Th.
160 1629 338 1682 Magister
351 1631 389 1669 in
401 1643 505 1670 voce
515 1631 647 1668 ΔὈΚΩ
659 1642 706 1668 ex
717 1628 875 1668 Platone
888 1628 929 1667 &
942 1627 1205 1667 Demosthene
1217 1628 1342 1668 osten-

68 1683 137 1730 dit,
151 1683 249 1724 ficut
259 1685 320 1734 μοὶ
335 1683 449 1731 (laub,
460 1685 511 1722 ita
523 1685 563 1723 &
573 1683 636 1734 μοὶ
649 1680 842 1732 ἓοκοῦμεν,
854 1681 982 1721 dixiffe
992 1682 1165 1722 Graecos
1177 1682 1288 1721 etiam
1302 1684 1341 1722 in

67 1737 216 1790 plurali.
240 1738 294 1777 At
312 1737 425 1777 ficuti
439 1738 480 1776 in
498 1738 597 1785 hoc,
617 1737 662 1776 ad
683 1749 798 1789 quem
822 1747 925 1775 nunc
940 1735 1159 1783 scribimus,
1180 1736 1339 1776 Luciani

67 1791 158 1832 loco
172 1805 369 1845 perperam
381 1792 446 1840 μοι
456 1791 721 1844 sonsflegitur‚
732 1791 783 1829 ita
794 1790 834 1829 ἃ
845 1791 946 1843 apud
958 1791 1258 1843 Xenophontem
1270 1791 1341 1831 lib.

66 1844 86 1884 1
101 1849 236 1898 Κυροπ.
251 1847 315 1885 ubi
329 1859 417 1885 cum
434 1845 567 1898 Cyrus
579 1844 755 1896 Cyaxari
772 1856 906 1884 contra
920 1844 1101 1896 Assyrios
1118 1844 1268 1883 auxilio
1284 1844 1343 1884 es-

66 1897 121 1939 set
133 1899 357 1946 mittendus,
373 1900 473 1938 inter
487 1900 561 1938 alia
577 1898 790 1950 Cambyses
807 1897 888 1937 filio
904 1897 975 1937 suo
996 1897 1111 1949 Cyro
1133 1898 1338 1951 praecipit,

68 1965 112 1993 ut
124 1954 264 1993 milites
285 1955 324 1992 in
341 1954 529 1994 continua
539 1964 669 1993 teneat
681 1953 962 1993 exercitatione
974 1966 984 2000 3
997 1954 1043 1991 ad
1059 1953 1093 1991 id
1106 1951 1170 1991 res
1165 1954 1339 2005 ponderis

66 2007 203 2059 Cyrus
213 2039 225 2054 ,
240 2006 308 2046 fibi
320 2021 480 2061 quoque
496 2008 653 2047 eandem
673 2008 718 2046 de
730 2007 953 2046 exercendis
967 2006 1054 2045 &in
1069 2006 1198 2046 officio
1212 2007 1342 2045 conti-

65 2062 198 2102 nendis
210 2061 414 2108 militibus,
429 2062 525 2101 stare
536 2061 759 2101 sententiam
771 2091 784 2107 ,
799 2061 963 2113 denique
984 2061 1053 2100 ait:
1065 2061 1184 2098 Ἀλλὰ
1196 2062 1264 2110 μέν
1279 2075 1339 2100 τοι

68 2114 420 2170 τὸγέμελετᾶσὲωι
433 2113 582 2155 ἕκαστοι
593 2114 664 2156 τῶν
679 2113 892 2165 πολεμικῶν
906 2115 1037 2167 ἔργων,
1052 2113 1208 2167 ἀγῶνοις
1222 2113 1267 2152 εἰν
1282 2129 1342 2155 τι·

68 2169 134 2210 νάς
143 2185 205 2220 μοι
222 2169 344 2219 sones,
361 2164 387 2209 εἶ
403 2170 542 2221 πάντες,
554 2168 733 2220 προειπὼν
748 2167 937 2212 ἑκάστοις,
951 2169 1015 2207 καὶ
1028 2163 1129 2206 ’ἷιθλοι
1140 2169 1337 2220 προτιθεὶς,

69 2224 246 2273 μάλιστα.
260 2223 307 2264 ἐὶν
328 2223 442 2264 ποιεῖν
458 2219 499 2263 εὖ
516 2223 720 2263 &canescenti
736 2219 884 2262 ἕκαστοι
894 2254 905 2271 ,
921 2219 1039 2268 ὥστε,
1053 2221 1170 2262 &vrbo-e
1186 2221 1312 2260 δέοιτο
1321 2251 1336 2269 ,

68 2275 176 2329 ἔχειν
186 2277 229 2316 ἂν
242 2279 607 2329 παρεσκευασμένοις
619 2276 807 2330 χρῆσθαι.
823 2277 939 2316 Haud
951 2276 1063 2315 dubie
1074 2276 1201 2316 oratio
1213 2275 1339 2315 soloe-

69 2343 113 2371 ca
126 2331 179 2370 est
188 2362 201 2377 ,
213 2331 276 2381 μοῖ
288 2331 603 2384 ‹longimano-rev,
615 2331 655 2370 &
668 2330 858 2384 προτιθείς.
872 2331 943 2370 Sed
956 2331 1117 2369 omnino
1128 2330 1335 2382 legendum

67 2384 132 2435 μοὶ
146 2384 254 2424 Son&
279 2387 447 2434 Ceterum,
468 2386 592 2439 inquit
603 2416 613 2434 ,
629 2388 722 2438 quod
735 2389 785 2424 ad
795 2400 909 2424 curam
917 2385 1127 2437 fingulorum
1139 2384 1337 2422 militarium

69 2452 202 2489 operum
213 2439 347 2488 attinet,
360 2452 481 2479 certum
503 2441 567 2492 est,
585 2440 765 2479 certamina
778 2441 941 2492 quaedam
952 2439 1099 2492 singulis
1117 2437 1339 2490 (militibus)

66 2491 259 2537 indicentem
268 2524 279 2542 ,
288 2494 565 2547 pronuntiantem
575 2525 587 2544 ‚
601 2494 635 2533 ἃ
648 2493 810 2546 praemiis
817 2493 999 2546 propositis
1008 2523 1023 2540 ,
1039 2493 1183 2532 maxime
1196 2506 1310 2531 curare
1320 2518 1336 2539 ,
