2015 3490
300 183 383 230 IN
433 185 533 230 DE
586 183 1111 233 SACRIFICIIS.
1249 203 1341 250 423

79 272 153 313 tuis
166 271 342 313 Deorum
359 273 585 326 loquuntur,
601 273 708 326 quasi
721 274 837 314 effent
854 274 922 328 ipfi
935 276 1013 316 Dii.
1025 277 1126 316 Vide
1138 306 1149 324 ‚
1164 289 1264 330 quae
1279 289 1347 316 no-

78 327 243 367 tavimus
256 328 291 366 in
304 327 470 366 Criticae
485 327 523 367 Ρ.
545 342 563 366 2
575 358 585 373 ‚
602 329 637 366 S.
655 342 687 375 1,
700 341 732 368 c.
748 342 807 379 15.
825 328 950 368 erm·

132 383 207 419 ead,
224 382 247 419 l.
267 394 323 420 10.
349 382 512 421 Πισαίων
533 380 710 433 ἐρημίαν)
728 381 920 422 (ἷοηῐεέὶο
935 382 1152 436 Olympico
1170 384 1348 423 certami-

2 414 3 428 ἵ
16 453 21 457 ·
81 445 140 472 ne.
162 435 300 473 BROD.

133 489 205 525 ead.
224 488 247 525 l.
265 502 278 526 1
292 502 321 526 1.
342 488 417 525 Διὲι
431 486 570 539 πέντε)
586 487 645 527 Ne
666 488 727 527 cui
745 486 864 527 fraudi
880 487 924 527 slt
944 487 1033 528 illud
1052 487 1158 536 ὅλων,
1180 490 1345 530 notanda

81 539 194 579 huius
208 540 411 579 locutionis
427 551 558 579 natura
569 571 579 588 ‚
592 554 690 593 quae
706 541 864 581 Graecis
879 543 1054 594 inprimis
1068 541 1288 590 familiaris,
1303 555 1345 583 ut

79 593 212 633 videre
225 593 278 633 est
291 595 328 633 in
342 593 408 633 m
421 594 553 641 πέντε,
568 594 637 633 διὰ
652 596 852 646 τεσσάρων,
866 608 965 648 quae
979 595 1114 634 Musici
1131 609 1275 636 norunt
1291 598 1345 636 ita

81 648 322 700 computari,
335 658 378 686 ut
392 648 575 700 graduum
589 660 772 687 numerus
784 650 930 688 unitate
945 649 1097 687 multari
1119 650 1263 689 debeat.
1288 652 1348 691 Sic

80 700 196 740 etiam
212 702 311 753 apud
325 701 499 740 Medicos
514 700 593 740 fieri
607 712 759 748 notum,
773 715 861 741 cum
876 703 920 742 de
937 702 1104 741 febribus
1118 703 1347 756 loquuntur.

82 753 146 793 Sic
161 754 323 807 denique
334 755 434 807 apud
449 755 727 807 Arithmeticos
738 784 748 802 ‚
768 755 1058 808 Chronologos‚
1075 757 1114 795 δε
1128 770 1227 809 quos
1240 758 1347 797 nou?

82 805 152 847 m
166 811 281 847 πέντε
295 821 388 861 ergo
404 808 479 854 est,
493 809 609 860 quinto
630 824 783 862 quoque;
802 820 917 862 atque
932 810 1028 849 adeo
1044 809 1204 862 spatium
1229 811 1348 850 inter-

85 861 248 900 medium
262 874 415 914 quatuor.
433 862 568 901 Eadem
583 862 703 913 phrasi
715 862 755 901 &
769 863 814 903 de
828 866 868 903 re
880 864 1009 903 eadem
1023 864 1140 903 utitur
1155 864 1293 903 iterum
1307 866 1347 904 in

82 913 187 965 Ἰκας.
201 927 282 968 cap.
301 930 360 964 24.
375 916 475 954 Vide
489 916 586 967 apud
599 916 812 954 Lucianum
829 916 949 970 ipsum
967 927 1138 969 quatuor
1154 930 1347 957 annorum

84 967 372 1008 determinatum
389 969 478 1008 illud
498 969 660 1021 spatium
674 969 712 1007 in
728 974 811 1021 Περ.
827 984 909 1024 cap.
925 984 986 1009 20.
1002 971 1107 1010 Haec
1122 972 1157 1009 in
1171 971 1346 1010 tironum

83 1022 242 1074 gratiam
253 1021 380 1063 fusius
391 1023 600 1061 enarranda
613 1023 808 1063 duximus:
826 1037 912 1063 nam
929 1024 1030 1077 apud
1043 1025 1212 1064 eruditos
1225 1025 1271 1065 de
1286 1025 1347 1065 his

81 1075 236 1115 abunde
255 1075 414 1115 constat.
435 1077 594 1116 SOLAN.

139 1132 212 1168 ead.
228 1131 252 1168 l.
265 1144 324 1182 13.
340 1128 551 1182 Πρεῤῥήσεις
564 1130 629 1168 καὶ
642 1126 939 1184 περιρῥαντῖνριοι)
952 1131 1016 1171 De
1030 1131 1086 1171 his
1099 1131 1264 1172 vocibus
1280 1146 1347 1173 co-

84 1181 188 1235 piose
203 1183 302 1222 alibi.
315 1184 488 1223 BOURD.
508 1182 737 1236 Προρῥῆσεις)
753 1185 842 1224 Non
858 1184 940 1224 satis
952 1197 1038 1238 apte
1053 1186 1143 1225 haec
1155 1199 1237 1225 vox
1251 1188 1347 1228 voci

82 1236 223 1286 θέμενοι
239 1237 342 1289 iungi
354 1238 518 1277 videtur.
535 1237 802 1277 Formularum
815 1239 860 1277 ad
875 1252 959 1277 eam
971 1252 1052 1279 rem
1069 1239 1272 1292 particulas
1284 1254 1347 1279 ex-

84 1290 190 1329 hibet
204 1290 330 1330 noster
344 1291 384 1329 in
397 1292 519 1341 Ἀλεξ.
533 1303 564 1330 c.
579 1291 625 1343 38
638 1321 649 1337 ,
665 1293 705 1332 δι
721 1298 856 1341 Δημσν.
873 1305 904 1332 c.
926 1307 986 1345 34.
1001 1292 1170 1333 Consule
1191 1293 1347 1333 Meursii

84 1343 250 1392 Eleusin,
263 1344 301 1383 δι
315 1345 474 1383 emenda
490 1344 750 1384 philostratum
764 1347 828 1384 vit.
841 1347 1024 1400 Apollon.
1040 1361 1074 1399 p.
1092 1361 1105 1384 ι
1119 1360 1178 1399 55,
1192 1348 1255 1386 ubi
1267 1361 1350 1400 per-

86 1410 215 1451 peram
229 1398 364 1450 legitur
376 1401 480 1447 μετὰ
501 1398 710 1451 πρόσρησιν,
722 1412 793 1451 pro
807 1403 912 1450 μετὰ
928 1399 1136 1452 πρὸῥρησιν·
1151 1402 1254 1453 quod
1269 1402 1349 1440 dili-

87 1450 301 1503 gentiffimo
314 1452 449 1492 editori
463 1451 583 1491 fraudi
597 1452 671 1491 effe
687 1453 818 1492 nolim.
840 1453 946 1505 Quis
964 1455 1064 1494 enim
1079 1454 1115 1492 in
1128 1465 1237 1494 tanto
1255 1468 1349 1508 ope-

85 1517 127 1544 re
143 1505 328 1558 nusquam
342 1506 543 1545 dormitet?
560 1505 716 1545 SOLAN.
739 1506 949 1558 Hpcp'fiv'wszf
965 1507 1027 1546 noe}
1040 1507 1313 1560 περιῤῥαντίτρια
1329 1509 1348 1555 )

87 1558 250 1612 Accipio
271 1559 379 1605 illud,
398 1560 502 1612 quod
520 1560 650 1599 deinde
669 1561 888 1613 programma
904 1570 1041 1606 vocat,
1064 1560 1285 1613 scripturam
1308 1563 1349 1600 in

86 1613 190 1652 edito
202 1612 451 1665 propofitam,
461 1625 729 1665 qua-arcentur
740 1612 902 1666 profani,
915 1614 1019 1659 ἑκὰς,
1032 1613 1121 1653 ἑκὰς
1131 1614 1206 1653 &c.
1219 1615 1347 1655 GESN.

140 1666 176 1704 in
187 1667 304 1706 Schol.
313 1667 374 1706 col.
386 1681 413 1705 1.
424 1668 446 1705 l.
460 1666 672 1720 9..Ὓ<τῆνοιι)
685 1667 784 1720 Lege
798 1666 944 1707 ὑπεῖναι
956 1681 1005 1707 ex
1017 1668 1093 1719 Ety
1100 1682 1147 1707 m.
1156 1669 1212 1719 M.
1223 1668 1351 1710 CLER.

89 1718 136 1759 C.
157 1713 304 1759 ὖπεῖναι
319 1720 383 1760 καὶ
406 1718 629 1761 &maderent
643 1720 696 1770 τῷ
715 1722 855 1775 γενείῳ.
870 1721 1028 1761 SOLAN.
1044 1720 1176 1761 Sumta
1194 1722 1282 1762 sunt
1302 1724 1352 1762 ab

89 1772 342 1826 Etymologo.
355 1774 429 1813 Pro
444 1773 603 1824 ἀκμαῖος
616 1775 654 1813 in
673 1778 715 1814 V.
732 1775 918 1827 ἁχμαῖος.
932 1776 1095 1814 HEMST.

143 1828 221 1866 ibid.
236 1828 258 1866 l.
273 1842 308 1876 4.
325 1827 422 1867 Οὔτε
435 1831 499 1867 τὸν
518 1827 558 1879 ἐξ
577 1828 705 1880 ’1.ἑλ.)
722 1829 812 1868 Hoc
823 1829 862 1867 in
877 1831 918 1868 V.
931 1828 1172 1883 praefigitur:
1190 1830 1352 1883 pertinet

87 1890 238 1927 tamen,
253 1891 434 1921 monente
447 1881 610 1930 Solam,
627 1882 831 1934 explicatio
847 1883 890 1922 ad
904 1886 968 1922 τὶν
982 1885 1073 1923 νεών.
1086 1885 1250 1923 ΗεΜετ.

143 1935 222 1973 ibid.
237 1934 260 1973 l.
276 1934 395 1975 &Tris
408 1934 578 1974 Ἠλιακῆς
594 1934 692 1989 γῦς)
706 1936 864 1976 Eine-G.
885 1934 1236 1989 τὶῖςἨλιακνῖςγῆς.
1253 1937 1355 1978 Coll.

94 1988 236 2030 Elidos:
249 1988 362 2029 reffle.
375 1989 531 2028 SOLAN.
544 1988 740 2040 Quamvis
753 1990 792 2028 in
810 1989 859 2037 A.
873 1990 930 2029 ed.
943 1989 1273 2043 conspiciatur-,Tu
1288 1993 1354 2030 Πί-

93 2056 136 2091 σῃ
151 2045 230 2094 ’γὰρ
240 2041 290 2092 ‘rii
302 2039 458 2092 ἧλιακξῖ,
469 2043 534 2082 cui
550 2043 685 2081 Matth.
697 2043 831 2083 Sladus
844 2042 1097 2096 adscripserat,
1109 2045 1199 2083 'H—
1214 2060 1297 2097 quae
1312 2047 1357 2098 es}

93 2096 131 2134 in
145 2097 260 2142 Elide,
270 2095 434 2136 ostendit
445 2107 572 2136 tamen
583 2109 629 2136 ne
640 2097 747 2136 litera
757 2098 910 2150 quidem
923 2099 1050 2137 minus
1064 2099 1099 2137 C.
1116 2100 1157 2136 V.
1169 2097 1238 2136 τῆς
1251 2096 1356 2139 ἣλιοι-

93 2148 157 2189 κνῖς
178 2149 262 2203 γῆς·
277 2150 315 2188 in
337 2151 476 2203 quibus
496 2150 589 2189 nihil
608 2161 755 2203 praeter
773 2162 973 2191 accentum
994 2152 1134 2190 mutari
1154 2152 1358 2193 debuerat:

95 2205 271 2244 mnnnbv
284 2203 457 2243 Ἠλιακὶς
475 2217 496 2243 a
510 2204 706 2256 Stephano
726 2204 1002 2257 consignatum.
1022 2205 1122 2245 Idem
1138 2205 1231 2245 liber
1243 2220 1358 2245 noen-

96 2257 262 2296 σκεύασε
275 2270 346 2309 pro
360 2257 671 2297 κατεσκευάσατο
687 2258 743 2297 ed.
761 2258 809 2297 A.
826 2260 988 2298 HEMST.

160 2311 240 2348 ibid.
262 2311 326 2350 col.
349 2325 382 2350 2.
405 2311 428 2349 Ι.
449 2325 485 2362 9.
508 2310 807 2364 Προκαθῂραντο)
832 2313 938 2352 Haec
955 2323 1118 2364 uterque
1137 2314 1178 2351 V.
1203 2311 1361 2353 Codicis

98 2363 324 2404 Sclioliastes
337 2364 448 2404 habet
458 2376 538 2403 non
551 2364 625 2403 alio
638 2365 847 2404 discrimine
858 2396 870 2411 ,
884 2379 999 2419 quam
1014 2366 1121 2418 quod
1135 2367 1173 2404 in
1186 2379 1267 2406 uno
1278 2383 1363 2418 orpo-

99 2414 302 2467 ιίαθιῆροντο,
317 2418 354 2456 in
370 2418 491 2457 altero
501 2418 647 2470 legatur
661 2416 947 2470 προκαθῦμντο.
960 2419 1054 2459 Sunt
1067 2431 1194 2459 autem
1208 2421 1365 2473 proprie

99 2467 379 2525 περιῤῥαιντὴρια.
395 2484 474 2512 non
486 2471 562 2525 ipsa
572 2471 730 2513 lustralis
744 2485 840 2526 aqua
853 2503 865 2523 ,
879 2471 940 2514 sed
955 2472 1272 2567 νεὸειὲυῐηιίῃῑιὶίὃ
1287 2473 1369 2515 sive
