2015 3490
263 267 365 311 IN
426 265 1145 319 PISCATOREM.
1246 270 1342 334 489

75 367 148 393 στιι
165 353 230 392 καὶ
244 354 373 407 ἀρετὴν
388 351 500 410 ἐέγειν
511 355 748 406 φάσκουσαι·
762 370 794 411 c.
808 356 874 406 68,
889 354 966 396 Οὔκ
980 357 1126 397 ἀκούεις
1140 357 1213 397 τῶν
1233 361 1344 399 Στοϊ-

72 407 157 453 κῶν,
168 408 185 447 ii
197 408 453 460 Ἐπικουρείων,
464 410 482 447 ii
494 410 740 449 mammem»
750 414 842 450 εὶνοιι
855 412 1093 460 φκσκὸντων;
1107 412 1212 451 IENS.
1225 413 1347 452 Bour-

98 461 236 500 elotius
252 462 350 502 male
364 463 516 501 damnat
528 462 680 503 Codicis
693 464 896 517 Anglicani
909 464 1126 512 lechonem⁷
1141 467 1176 504 in
1191 477 1285 519 quo,
1299 477 1345 507 ut

73 514 115 553 δι
127 515 221 554 meis
237 516 429 568 excerptis
446 515 585 555 maius
598 515 786 565 scribitur,
801 518 865 556 καὶ
880 518 1093 568 φιλοσοφεῖν
1113 520 1346 568 φάσκουσιν,

75 568 110 606 6)
124 570 182 621 qui
192 569 354 620 dicuntse
363 569 602 626 philosophari
611 599 621 616 ,
635 571 676 622 se
690 571 752 623 effi
761 571 997 625 philosophos,
1012 586 1084 625 pro
1098 574 1182 624 quo*
1192 573 1294 612 'dixit
1310 587 1347 615 c.

73 636 142 670 41,
163 621 240 661 ὅσοι
260 623 456 672 φιλόσοφοι
477 628 568 663 εῖναι
589 626 767 677 Λέγουσι,
790 637 907 677 quam
928 626 1036 678 quod
1055 626 1191 678 legitur
1210 627 1247 665 in
1268 628 1347 666 edi-

73 676 268 722 tionibus,
290 677 353 714 καὶ
370 677 583 727 φιλοσοφεῖν
605 676 783 726 ἀσκοῦσι,
807 680 913 732 quod
930 679 1004 726 est,
1018 680 1054 718 in
1070 680 1292 734 philosbphia
1304 682 1345 733 se
1378 684 1386 691 ‘

72 742 237 778 exercent,
248 730 482 784 philofhphiae
490 734 576 770 dant
586 746 734 784 operam,
747 734 928 785 quamvis
940 733 976 773 id
988 746 1150 786 quoque
1163 734 1276 786 poffit
1286 747 1345 774 to-

72 783 207 831 letari,
221 784 383 823 alterum
396 795 546 825 tantum
562 784 851 838 praeferendum
863 786 927 826 est.
944 788 1054 826 Hanc
1066 788 1171 827 enim
1185 789 1267 828 vim
1280 789 1348 828 ha-

74 837 137 876 bet
148 867 160 883 ,
174 838 375 878 venditant
388 837 425 878 se
440 852 512 891 pro
524 837 769 892 philosophi8‚
783 853 871 880 cum
896 853 975 880 non
989 840 1072 880 sint.
1084 841 1256 881 GRAEV.
1272 843 1348 880 ‹ble-

74 905 206 937 σκουσι
220 894 383 932 omnino
403 892 603 945 legendum
615 925 626 942 ‚
651 906 691 932 ut
706 893 759 932 est
777 894 813 932 in
827 893 944 947 Angl.
957 893 998 933 P.
1011 894 1052 932 L.
1071 894 1111 934 δε
1129 895 1199 934 Ms.
1216 895 1285 936 Gr.
1303 896 1347 936 δε

16 954 22 961 ·
71 945 213 984 iterum
230 959 261 986 c.
281 946 354 994 463
368 947 473 998 quod
487 958 617 986 autem
632 947 668 985 in
683 947 846 1000 vulgatis
860 948 913 987 est
928 946 1110 995 ἀσκοῦσι,
1125 949 1262 1002 procul
1277 949 1346 988 ab·

74 998 288 1051 legandum.
300 999 458 1040 SOLAN.
471 1001 614 1053 Recepi
629 1000 829 1041 lethonem
841 1002 983 1061 codicis
994 1002 1110 1054 Angl.
1121 1003 1219 1055 apud
1228 1002 1348 1043 Grae-

16 1101 20 1103 >
75 1054 203 1112 vium:
224 1066 322 1106 quae
346 1055 508 1096 recurrit
528 1055 641 1093 etiam
657 1054 1016 1102 deindessroicmfe
1030 1057 1218 1108 φάσκουσι
1232 1069 1349 1108 φιλο-

75 1120 209 1156 σοφειν,
226 1108 494 1161 ἐντυγχάνειν.
507 1107 637 1149 GESN.

127 1163 199 1199 ead.
215 1163 238 1200 l.
254 1176 287 1214 3.
300 1161 512 1214 Σκυθρωποί
523 1162 594 1202 εἰσι
607 1162 623 1214 )
638 1162 693 1202 Ut
710 1160 748 1202 in
767 1162 916 1216 Nigrin.
937 1163 978 1203 δι
993 1163 1140 1218 Lapith.
1156 1164 1196 1204 &
1211 1163 1344 1219 paffim

73 1215 172 1256 alibi.
187 1215 360 1255 BOURD.

128 1271 201 1309 ead.
223 1271 247 1308 l.
271 1282 327 1307 11.
349 1270 489 1323 APET.)
517 1270 663 1310 Virtutis
683 1269 843 1323 persona
862 1283 941 1310 non
964 1271 1016 1311 ita
1036 1271 1242 1312 commode
1268 1272 1345 1313 huc

75 1324 288 1364 convenire
309 1323 481 1364 videtur:
503 1325 618 1377 longe
638 1324 772 1364 melius
793 1325 912 1364 altera
936 1326 1106 1364 Veritatis.
1127 1326 1344 1366 Mutationi

74 1376 318 1419 occasionem
338 1378 531 1430 praebuit,
548 1379 652 1430 quod
668 1379 846 1431 proxime
865 1379 912 1417 ab
932 1379 1006 1419 hoc
1020 1378 1195 1420 sermone
1208 1381 1345 1419 Virtu-

76 1441 154 1471 tem
169 1431 376 1484 alloquitur
386 1431 641 1485 Philosophia,
656 1432 719 1471 cui
733 1433 894 1486 proinde
907 1431 1123 1487 responderi
1136 1447 1223 1473 cum
1239 1446 1346 1486 puta-

76 1495 135 1525 ret
147 1485 284 1541 aliquis
295 1515 307 1531 ,
321 1484 520 1537 personam
538 1487 599 1525 hic
612 1496 755 1526 temere
769 1487 947 1525 mutavit,
964 1486 1114 1539 Quidni
1128 1489 1244 1537 enim,
1259 1487 1346 1541 post

84 1539 245 1578 Veritatis
263 1539 522 1581 testimonium
534 1570 545 1585 ,
564 1541 719 1579 alteram
735 1539 840 1580 suam
855 1539 1018 1581 sodalem
1031 1570 1042 1590 ‚
1061 1541 1228 1581 Virtutem
1249 1542 1345 1581 allo-

76 1605 220 1647 quatur
233 1592 508 1646 Philosophia?
524 1593 651 1640 GESN.

132 1650 206 1686 ead.
219 1648 244 1686 l.
259 1661 271 1685 ι
282 1663 316 1687 2.
328 1650 437 1685 Κοιτὲι
449 1648 513 1687 τῆς
524 1647 595 1701 ’γῆς
606 1647 735 1701 Num)
747 1646 809 1687 Sic
821 1647 865 1687 de
878 1648 1043 1688 Merced.
1055 1648 1233 1688 conda&-
1244 1647 1344 1699 εὔχῃ

77 1699 123 1741 ἑὲ
139 1701 156 1740 ἢ
174 1701 316 1752 σεισμῷ
326 1700 533 1752 συμπεσεῖν
544 1701 662 1742 ἐκεῖνοι
672 1703 816 1741 πάντα.
832 1701 894 1743 Sic
905 1701 1085 1742 adversus
1095 1702 1241 1742 Indo&
1256 1702 1344 1755 εὔξῃ

76 1754 167 1795 τότε
184 1753 315 1808 χάνειν
327 1769 384 1796 σοι
404 1755 470 1794 τὴν
488 1754 559 1808 γῆν
572 1758 680 1794 κατὰ
693 1754 867 1795 σεαυτοῦ.
887 1756 949 1795 Sic
966 1755 1080 1808 ἓτοιιρ.
1099 1756 1182 1796 πῶς
1200 1755 1244 1796 ἂν
1257 1771 1306 1806 με
1323 1757 1344 1798 ἦ

78 1808 136 1863 γιῖ
148 1809 353 1857 κασαπίοη
368 1810 448 1849 ead.
462 1809 498 1848 in
519 1810 666 1861 Lapith.
682 1810 742 1849 Sic
755 1809 856 1862 apud
870 1810 1021 1849 Heliod.
1037 1810 1100 1849 lib.
1116 1824 1150 1858 1,
1167 1809 1347 1861 ἡυχύμην

78 1862 124 1903 Se
145 1862 360 1902 retrusam
375 1862 533 1913 μᾶλλον.
553 1864 707 1903 Habent
726 1876 773 1903 ex
793 1864 956 1903 Homeri
978 1864 1080 1903 Iliad.
1100 1879 1146 1912 4,
1169 1866 1257 1903 τότε
1278 1879 1346 1915 μοι

76 1917 196 1969 χοὶνοι
213 1913 331 1968 εὗρεῖοι
344 1918 457 1968 χθὼν.
475 1917 603 1957 Simile
616 1918 708 1959 illud
721 1917 773 1956 est
789 1916 973 1969 Aeschyli
992 1917 1122 1970 Suppl.
1139 1919 1293 1970 Θέλοιμι
1306 1917 1347 1958 δ’

78 1972 123 2012 ἂν
133 1972 313 2023 μορσίμου
328 1973 467 2025 Βρὸχου
483 1971 621 2024 τυχεῖν
636 1972 671 2010 ἐν
685 1973 911 2024 σαργάναις.
926 1972 1099 2011 BOURD.

132 2026 224 2079 Pag.
240 2039 326 2077 157.
343 2026 366 2063 l.
386 2041 422 2074 4.
441 2025 598 2078 Ἀρετὴ)
622 2026 730 2064 Haec
751 2025 860 2077 loqui
883 2026 1043 2064 decebat
1069 2025 1272 2071 Veritatem,
1296 2026 1343 2066 ad

77 2092 192 2132 quam
214 2079 343 2119 testem
360 2090 602 2132 provocarat
619 2078 884 2118 Parrhefiades.
903 2079 1065 2119 Servavi
1085 2090 1214 2119 tamen
1229 2080 1346 2119 libro-

77 2147 163 2173 rum
184 2132 427 2186 scripturam3
449 2133 664 2186 praesertim
689 2146 776 2172 cum
797 2146 892 2172 mox
913 2133 1152 2184 Philosophia
1182 2134 1346 2174 Virtutem

79 2187 252 2240 appellet.
278 2187 349 2227 Sed
371 2187 419 2226 ibi
435 2201 507 2240 pro
524 2186 768 2240 Philosophia
785 2188 962 2227 Veritatem
978 2187 1085 2240 loqui
1108 2187 1346 2227 crediderim.

78 2240 195 2281 Certe
204 2241 342 2282 alicubi
350 2241 533 2294 loquatur
545 2252 716 2295 oportet,
728 2240 796 2279 nisi
811 2241 1010 2294 personam
1025 2252 1170 2280 mutam
1184 2254 1205 2279 a
1217 2241 1348 2281 Lucia-

78 2308 134 2334 no
150 2295 340 2335 induciam
355 2296 508 2335 censeas
521 2325 534 2342 ,
550 2296 660 2334 cuius
671 2308 791 2347 opera
805 2294 1036 2348 potiffimum
1052 2295 1255 2350 indigebat.
1268 2295 1348 2335 So-

79 2360 178 2388 LAN.
193 2349 229 2389 Si
249 2348 359 2402 supra
374 2348 535 2402 persona
548 2352 610 2388 ΑΡ.
629 2350 810 2388 mutanda
829 2348 919 2397 fuit,
939 2349 979 2388 δι
993 2349 1053 2391 hic
1067 2348 1345 2391 rescribendum

79 2403 150 2443 erit
165 2402 316 2442 ἀλήθεια
332 2416 404 2455 pro
419 2400 542 2454 ἀρετή.
558 2403 705 2442 Rmrz.

133 2459 207 2496 ead.
221 2459 244 2495 I.
259 2457 296 2496 8.
308 2456 457 2509 Ἰλιέων)
478 2456 663 2504 Historia,
681 2469 781 2510 quae
800 2455 889 2495 huic
908 2456 1118 2509 proverbio
1139 2454 1265 2495 ansam
1282 2457 1346 2496 de·

79 2510 152 2560 dit,
166 2511 202 2549 in
219 2509 385 2551 obscuro
398 2511 462 2550 est.
476 2511 561 2550 hinc
574 2511 825 2564 interpretum
837 2509 1034 2549 silentium.
1051 2511 1139 2549 Hoc
1156 2523 1222 2563 per
1234 2509 1270 2549 se
1284 2523 1347 2562 pa-

79 2575 155 2615 tet,
168 2564 362 2606 Troianos
373 2594 385 2613 ,
401 2565 467 2622 qui
481 2565 685 2615 excidium,
698 2574 811 2622 capta
822 2564 939 2614 urbe,
951 2562 1180 2617 effugerant,
1191 2563 1343 2603 tandem
