<?xml version="1.0" encoding="UTF-8"?>
<!DOCTYPE html PUBLIC "-//W3C//DTD XHTML 1.0 Transitional//EN"
    "http://www.w3.org/TR/xhtml1/DTD/xhtml1-transitional.dtd">
<html xmlns="http://www.w3.org/1999/xhtml" xml:lang="en" lang="en">
 <head>
  <title>
</title>
<meta http-equiv="Content-Type" content="text/html;charset=utf-8" />
  <meta name='ocr-system' content='tesseract 3.04.00' />
  <meta name='ocr-capabilities' content='ocr_page ocr_carea ocr_par ocr_line ocrx_word'/>
</head>
<body>
  <div class='ocr_page' id='page_1' title='image "./operagraecaetlat03luciuoft/operagraecaetlat03luciuoft_0415.png"; bbox 0 0 2015 3490; ppageno 0'>
   <div class='ocr_carea' id='block_1_1' title="bbox 266 194 1342 263">
    <p class='ocr_par' dir='ltr' id='par_1_1' title="bbox 266 194 1342 263">
     <span class='ocr_line' id='line_1_1' title="bbox 266 194 1342 263; baseline 0.007 -22"><span class='ocrx_word' id='word_1_1' title='bbox 266 195 352 241; x_wconf 89' lang='lat' dir='ltr'>IN</span> <span class='ocrx_word' id='word_1_2' title='bbox 399 194 1138 245; x_wconf 81' lang='lat' dir='ltr'>CONTEMPLANTES.</span> <span class='ocrx_word' id='word_1_3' title='bbox 1245 215 1342 263; x_wconf 81' lang='lat'>407</span> 
     </span>
    </p>
   </div>
   <div class='ocr_carea' id='block_1_2' title="bbox 46 283 1341 2590">
    <p class='ocr_par' dir='ltr' id='par_1_2' title="bbox 121 283 1139 337">
     <span class='ocr_line' id='line_1_2' title="bbox 121 283 1139 337; baseline 0.003 -14"><span class='ocrx_word' id='word_1_4' title='bbox 121 286 196 324; x_wconf 75' lang='lat' dir='ltr'>ead.</span> <span class='ocrx_word' id='word_1_5' title='bbox 210 284 233 323; x_wconf 88' lang='lat' dir='ltr'>l.</span> <span class='ocrx_word' id='word_1_6' title='bbox 243 297 280 337; x_wconf 92' lang='lat'>9.</span> <span class='ocrx_word' id='word_1_7' title='bbox 299 283 482 334; x_wconf 72' lang='grc' dir='ltr'>Ἀμενηνέι</span> <span class='ocrx_word' id='word_1_8' title='bbox 495 283 651 335; x_wconf 65' lang='grc' dir='ltr'>κάρηνα)</span> <span class='ocrx_word' id='word_1_9' title='bbox 671 283 808 334; x_wconf 80' lang='lat' dir='ltr'>Odyff.</span> <span class='ocrx_word' id='word_1_10' title='bbox 824 288 867 329; x_wconf 87' lang='grc' dir='ltr'>Κ,</span> <span class='ocrx_word' id='word_1_11' title='bbox 892 297 977 336; x_wconf 84' lang='lat'>52¹·</span> <span class='ocrx_word' id='word_1_12' title='bbox 999 286 1139 325; x_wconf 79' lang='lat' dir='ltr'>BROD.</span> 
     </span>
    </p>

    <p class='ocr_par' dir='ltr' id='par_1_3' title="bbox 124 336 1308 392">
     <span class='ocr_line' id='line_1_3' title="bbox 124 336 1308 392; baseline 0.003 -16"><span class='ocrx_word' id='word_1_13' title='bbox 124 340 198 377; x_wconf 87' lang='lat' dir='ltr'>ead.</span> <span class='ocrx_word' id='word_1_14' title='bbox 215 339 238 377; x_wconf 89' lang='lat' dir='ltr'>l.</span> <span class='ocrx_word' id='word_1_15' title='bbox 256 350 313 376; x_wconf 83' lang='grc' dir='ltr'>ιο.</span> <span class='ocrx_word' id='word_1_16' title='bbox 334 336 426 375; x_wconf 61' lang='grc' dir='ltr'>Κατ’</span> <span class='ocrx_word' id='word_1_17' title='bbox 440 337 652 383; x_wconf 53' lang='lat' dir='ltr'>&amp;mosum</span> <span class='ocrx_word' id='word_1_18' title='bbox 668 337 724 388; x_wconf 83' lang='grc' dir='ltr'>λ.)</span> <span class='ocrx_word' id='word_1_19' title='bbox 745 336 883 388; x_wconf 83' lang='lat' dir='ltr'>Odyff.</span> <span class='ocrx_word' id='word_1_20' title='bbox 897 345 939 386; x_wconf 74' lang='lat' dir='ltr'>A,</span> <span class='ocrx_word' id='word_1_21' title='bbox 958 339 1045 391; x_wconf 84' lang='lat'>538,</span> <span class='ocrx_word' id='word_1_22' title='bbox 1063 353 1145 392; x_wconf 76' lang='lat'>572.</span> <span class='ocrx_word' id='word_1_23' title='bbox 1167 340 1308 380; x_wconf 87' lang='lat' dir='ltr'>BROD.</span> 
     </span>
    </p>

    <p class='ocr_par' dir='ltr' id='par_1_4' title="bbox 69 390 1341 551">
     <span class='ocr_line' id='line_1_4' title="bbox 123 390 1341 445; baseline 0.005 -17"><span class='ocrx_word' id='word_1_24' title='bbox 123 393 197 429; x_wconf 84' lang='lat' dir='ltr'>ead.</span> <span class='ocrx_word' id='word_1_25' title='bbox 210 392 234 429; x_wconf 85' lang='lat' dir='ltr'>l.</span> <span class='ocrx_word' id='word_1_26' title='bbox 263 403 319 443; x_wconf 84' lang='lat'>13.</span> <span class='ocrx_word' id='word_1_27' title='bbox 341 390 504 443; x_wconf 65' lang='grc' dir='ltr'>Σίγειον)</span> <span class='ocrx_word' id='word_1_28' title='bbox 517 393 606 430; x_wconf 86' lang='lat' dir='ltr'>Duo</span> <span class='ocrx_word' id='word_1_29' title='bbox 615 390 700 440; x_wconf 69' lang='lat' dir='ltr'>fiant</span> <span class='ocrx_word' id='word_1_30' title='bbox 715 392 835 429; x_wconf 78' lang='lat' dir='ltr'>Troiae</span> <span class='ocrx_word' id='word_1_31' title='bbox 840 394 1091 443; x_wconf 71' lang='lat' dir='ltr'>promontoria,</span> <span class='ocrx_word' id='word_1_32' title='bbox 1117 395 1236 445; x_wconf 82' lang='lat' dir='ltr'>inquit</span> <span class='ocrx_word' id='word_1_33' title='bbox 1253 395 1341 434; x_wconf 82' lang='lat' dir='ltr'>Ser-</span> 
     </span>
     <span class='ocr_line' id='line_1_5' title="bbox 69 443 1337 495; baseline 0.003 -11"><span class='ocrx_word' id='word_1_34' title='bbox 69 443 174 491; x_wconf 76' lang='lat' dir='ltr'>vius,</span> <span class='ocrx_word' id='word_1_35' title='bbox 188 445 371 483; x_wconf 75' lang='lat' dir='ltr'>Rhoeteum</span> <span class='ocrx_word' id='word_1_36' title='bbox 385 444 420 482; x_wconf 66' lang='grc' dir='ltr'>δ’</span> <span class='ocrx_word' id='word_1_37' title='bbox 434 445 580 495; x_wconf 78' lang='lat' dir='ltr'><em>Sigeum.</em></span> <span class='ocrx_word' id='word_1_38' title='bbox 609 443 670 483; x_wconf 78' lang='lat' dir='ltr'>De</span> <span class='ocrx_word' id='word_1_39' title='bbox 693 443 790 483; x_wconf 81' lang='lat' dir='ltr'>hisce</span> <span class='ocrx_word' id='word_1_40' title='bbox 811 445 897 484; x_wconf 80' lang='lat' dir='ltr'>vide</span> <span class='ocrx_word' id='word_1_41' title='bbox 917 444 1039 483; x_wconf 83' lang='lat' dir='ltr'>Strab.</span> <span class='ocrx_word' id='word_1_42' title='bbox 1054 446 1155 485; x_wconf 81' lang='lat' dir='ltr'>XIII.</span> <span class='ocrx_word' id='word_1_43' title='bbox 1171 448 1337 489; x_wconf 77' lang='lat' dir='ltr'>VORST.</span> 
     </span>
     <span class='ocr_line' id='line_1_6' title="bbox 71 497 1338 551; baseline 0.002 -13"><span class='ocrx_word' id='word_1_44' title='bbox 71 498 292 539; x_wconf 89' lang='lat' dir='ltr'>Rhoeteum</span> <span class='ocrx_word' id='word_1_45' title='bbox 318 498 359 536; x_wconf 71' lang='grc' dir='ltr'>δι</span> <span class='ocrx_word' id='word_1_46' title='bbox 380 497 533 549; x_wconf 85' lang='lat' dir='ltr'>Sigeum</span> <span class='ocrx_word' id='word_1_47' title='bbox 555 510 677 550; x_wconf 87' lang='lat' dir='ltr'>parvo</span> <span class='ocrx_word' id='word_1_48' title='bbox 700 497 906 537; x_wconf 85' lang='lat' dir='ltr'>intervallo</span> <span class='ocrx_word' id='word_1_49' title='bbox 926 498 1044 537; x_wconf 86' lang='lat' dir='ltr'>diffita</span> <span class='ocrx_word' id='word_1_50' title='bbox 1066 504 1338 551; x_wconf 84' lang='lat' dir='ltr'>promontoria</span> 
     </span>
    </p>

    <p class='ocr_par' dir='ltr' id='par_1_5' title="bbox 46 549 1340 2042">
     <span class='ocr_line' id='line_1_7' title="bbox 46 549 1336 601; baseline 0.002 -9"><span class='ocrx_word' id='word_1_51' title='bbox 46 595 51 601; x_wconf 62' lang='grc'>,</span> <span class='ocrx_word' id='word_1_52' title='bbox 69 550 303 592; x_wconf 84' lang='lat' dir='ltr'>notiffimum</span> <span class='ocrx_word' id='word_1_53' title='bbox 322 549 374 589; x_wconf 88' lang='lat' dir='ltr'>est</span> <span class='ocrx_word' id='word_1_54' title='bbox 389 550 546 590; x_wconf 85' lang='lat' dir='ltr'>tumulis</span> <span class='ocrx_word' id='word_1_55' title='bbox 565 549 778 590; x_wconf 77' lang='lat' dir='ltr'>inclaruisse</span> <span class='ocrx_word' id='word_1_56' title='bbox 789 551 865 591; x_wconf 91' lang='lat' dir='ltr'>hoc</span> <span class='ocrx_word' id='word_1_57' title='bbox 881 551 1060 600; x_wconf 84' lang='lat' dir='ltr'>Achillis,</span> <span class='ocrx_word' id='word_1_58' title='bbox 1079 554 1170 593; x_wconf 88' lang='lat' dir='ltr'>illud</span> <span class='ocrx_word' id='word_1_59' title='bbox 1184 555 1336 595; x_wconf 70' lang='lat' dir='ltr'>Aiacis:</span> 
     </span>
     <span class='ocr_line' id='line_1_8' title="bbox 68 603 1338 656; baseline 0.004 -12"><span class='ocrx_word' id='word_1_60' title='bbox 68 605 195 644; x_wconf 84' lang='lat' dir='ltr'>neutri</span> <span class='ocrx_word' id='word_1_61' title='bbox 207 604 333 644; x_wconf 85' lang='lat' dir='ltr'>cultus</span> <span class='ocrx_word' id='word_1_62' title='bbox 346 603 589 656; x_wconf 80' lang='lat' dir='ltr'>honoresque</span> <span class='ocrx_word' id='word_1_63' title='bbox 605 603 787 644; x_wconf 82' lang='lat' dir='ltr'>heroibus</span> <span class='ocrx_word' id='word_1_64' title='bbox 799 605 931 644; x_wconf 90' lang='lat' dir='ltr'>tributi</span> <span class='ocrx_word' id='word_1_65' title='bbox 943 604 1154 646; x_wconf 88' lang='lat' dir='ltr'>defuerunt.</span> <span class='ocrx_word' id='word_1_66' title='bbox 1169 608 1275 647; x_wconf 80' lang='lat' dir='ltr'>Serv.</span> <span class='ocrx_word' id='word_1_67' title='bbox 1290 609 1338 648; x_wconf 85' lang='lat' dir='ltr'>ad</span> 
     </span>
     <span class='ocr_line' id='line_1_9' title="bbox 68 657 1337 711; baseline 0.003 -14"><span class='ocrx_word' id='word_1_68' title='bbox 68 657 205 711; x_wconf 83' lang='lat' dir='ltr'>virgil.</span> <span class='ocrx_word' id='word_1_69' title='bbox 227 658 326 697; x_wconf 86' lang='lat' dir='ltr'>Aen.</span> <span class='ocrx_word' id='word_1_70' title='bbox 342 658 377 696; x_wconf 83' lang='lat' dir='ltr'>V</span> <span class='ocrx_word' id='word_1_71' title='bbox 384 657 399 696; x_wconf 90' lang='lat'>1</span> <span class='ocrx_word' id='word_1_72' title='bbox 412 688 423 705; x_wconf 91' lang='lat'>,</span> <span class='ocrx_word' id='word_1_73' title='bbox 447 657 629 696; x_wconf 85' lang='lat' dir='ltr'>Rhoeteo</span> <span class='ocrx_word' id='word_1_74' title='bbox 650 658 688 696; x_wconf 90' lang='lat' dir='ltr'>in</span> <span class='ocrx_word' id='word_1_75' title='bbox 708 657 838 710; x_wconf 91' lang='lat' dir='ltr'>litore]</span> <span class='ocrx_word' id='word_1_76' title='bbox 871 659 943 697; x_wconf 84' lang='lat' dir='ltr'>Ubi</span> <span class='ocrx_word' id='word_1_77' title='bbox 960 660 1183 711; x_wconf 75' lang='lat' dir='ltr'>er.zt.1J&#39;ylum</span> <span class='ocrx_word' id='word_1_78' title='bbox 1198 663 1337 711; x_wconf 75' lang='lat' dir='ltr'>Aiacis,</span> 
     </span>
     <span class='ocr_line' id='line_1_10' title="bbox 64 711 1338 767; baseline 0.003 -16"><span class='ocrx_word' id='word_1_79' title='bbox 64 714 155 764; x_wconf 83' lang='lat' dir='ltr'>ficut</span> <span class='ocrx_word' id='word_1_80' title='bbox 168 712 203 750; x_wconf 83' lang='lat' dir='ltr'>in</span> <span class='ocrx_word' id='word_1_81' title='bbox 217 711 316 764; x_wconf 75' lang='lat' dir='ltr'>Sigeo</span> <span class='ocrx_word' id='word_1_82' title='bbox 328 711 490 750; x_wconf 78' lang='lat' dir='ltr'>Achillis.</span> <span class='ocrx_word' id='word_1_83' title='bbox 506 711 605 750; x_wconf 91' lang='lat' dir='ltr'>Vide</span> <span class='ocrx_word' id='word_1_84' title='bbox 616 711 833 750; x_wconf 86' lang='lat' dir='ltr'>Brodaeum</span> <span class='ocrx_word' id='word_1_85' title='bbox 848 712 893 750; x_wconf 90' lang='lat' dir='ltr'>ad</span> <span class='ocrx_word' id='word_1_86' title='bbox 907 712 1025 752; x_wconf 89' lang='lat' dir='ltr'>Anth.</span> <span class='ocrx_word' id='word_1_87' title='bbox 1038 712 1070 759; x_wconf 89' lang='grc' dir='ltr'>Ι,</span> <span class='ocrx_word' id='word_1_88' title='bbox 1085 727 1119 752; x_wconf 89' lang='lat' dir='ltr'>c.</span> <span class='ocrx_word' id='word_1_89' title='bbox 1140 728 1171 767; x_wconf 87' lang='lat'>5.</span> <span class='ocrx_word' id='word_1_90' title='bbox 1189 715 1257 767; x_wconf 88' lang='lat' dir='ltr'>Ep.</span> <span class='ocrx_word' id='word_1_91' title='bbox 1274 731 1338 767; x_wconf 89' lang='lat'>23,</span> 
     </span>
     <span class='ocr_line' id='line_1_11' title="bbox 70 763 1338 817; baseline 0.002 -12"><span class='ocrx_word' id='word_1_92' title='bbox 70 766 111 806; x_wconf 78' lang='grc' dir='ltr'>δι</span> <span class='ocrx_word' id='word_1_93' title='bbox 126 765 199 812; x_wconf 85' lang='grc' dir='ltr'>ΙΙΙ,</span> <span class='ocrx_word' id='word_1_94' title='bbox 219 777 252 804; x_wconf 91' lang='lat' dir='ltr'>c.</span> <span class='ocrx_word' id='word_1_95' title='bbox 271 778 317 813; x_wconf 90' lang='lat'>14</span> <span class='ocrx_word' id='word_1_96' title='bbox 330 795 341 811; x_wconf 95' lang='lat'>,</span> <span class='ocrx_word' id='word_1_97' title='bbox 362 763 429 817; x_wconf 88' lang='lat' dir='ltr'>Ep.</span> <span class='ocrx_word' id='word_1_98' title='bbox 448 779 485 814; x_wconf 94' lang='lat'>7.</span> <span class='ocrx_word' id='word_1_99' title='bbox 502 764 565 804; x_wconf 91' lang='lat' dir='ltr'>De</span> <span class='ocrx_word' id='word_1_100' title='bbox 579 764 728 805; x_wconf 79' lang='lat' dir='ltr'>Achille</span> <span class='ocrx_word' id='word_1_101' title='bbox 747 763 890 817; x_wconf 85' lang='lat' dir='ltr'>Quint.</span> <span class='ocrx_word' id='word_1_102' title='bbox 904 765 1065 806; x_wconf 81' lang='lat' dir='ltr'>Calaber</span> <span class='ocrx_word' id='word_1_103' title='bbox 1088 778 1238 807; x_wconf 86' lang='lat' dir='ltr'>tantum</span> <span class='ocrx_word' id='word_1_104' title='bbox 1259 769 1338 817; x_wconf 88' lang='lat' dir='ltr'>III,</span> 
     </span>
     <span class='ocr_line' id='line_1_12' title="bbox 69 817 1337 873; baseline 0.003 -16"><span class='ocrx_word' id='word_1_105' title='bbox 69 818 170 872; x_wconf 87' lang='lat'>738:</span> <span class='ocrx_word' id='word_1_106' title='bbox 188 840 232 847; x_wconf 90' lang='lat'>—</span> <span class='ocrx_word' id='word_1_107' title='bbox 259 818 353 867; x_wconf 73' lang='grc' dir='ltr'>ἀμφὶ</span> <span class='ocrx_word' id='word_1_108' title='bbox 374 817 418 857; x_wconf 54' lang='lat' dir='ltr'>s}</span> <span class='ocrx_word' id='word_1_109' title='bbox 433 818 568 868; x_wconf 73' lang='grc' dir='ltr'>τύμβον</span> <span class='ocrx_word' id='word_1_110' title='bbox 582 818 756 871; x_wconf 59' lang='grc' dir='ltr'>Ἀργεῖοι,</span> <span class='ocrx_word' id='word_1_111' title='bbox 774 819 835 856; x_wconf 69' lang='grc' dir='ltr'>καὶ</span> <span class='ocrx_word' id='word_1_112' title='bbox 851 817 956 868; x_wconf 55' lang='lat' dir='ltr'>cripta</span> <span class='ocrx_word' id='word_1_113' title='bbox 971 821 1143 870; x_wconf 64' lang='grc' dir='ltr'>πελώριεν</span> <span class='ocrx_word' id='word_1_114' title='bbox 1158 822 1337 873; x_wconf 52' lang='lat' dir='ltr'>&amp;1425ssss-</span> 
     </span>
     <span class='ocr_line' id='line_1_13' title="bbox 70 871 1340 928; baseline 0.002 -16"><span class='ocrx_word' id='word_1_115' title='bbox 70 883 180 912; x_wconf 78' lang='grc' dir='ltr'><strong><em>λοντο</em></strong></span> <span class='ocrx_word' id='word_1_116' title='bbox 197 871 312 920; x_wconf 71' lang='grc' dir='ltr'>Ἀκτῇ</span> <span class='ocrx_word' id='word_1_117' title='bbox 325 872 386 910; x_wconf 72' lang='grc' dir='ltr'>ἐπ’</span> <span class='ocrx_word' id='word_1_118' title='bbox 403 871 592 924; x_wconf 74' lang='grc' dir='ltr'>ἀκροτάτῃ</span> <span class='ocrx_word' id='word_1_119' title='bbox 611 873 718 924; x_wconf 69' lang='grc' dir='ltr'>παρὰ,</span> <span class='ocrx_word' id='word_1_120' title='bbox 731 871 887 916; x_wconf 77' lang='grc' dir='ltr'>βένθεσιν</span> <span class='ocrx_word' id='word_1_121' title='bbox 903 871 1189 913; x_wconf 68' lang='grc' dir='ltr'>Ἑλλησπόντου·</span> <span class='ocrx_word' id='word_1_122' title='bbox 1215 876 1340 928; x_wconf 76' lang='lat' dir='ltr'>signa-</span> 
     </span>
     <span class='ocr_line' id='line_1_14' title="bbox 70 924 1337 980; baseline 0.004 -16"><span class='ocrx_word' id='word_1_123' title='bbox 70 927 145 966; x_wconf 88' lang='lat' dir='ltr'>tius</span> <span class='ocrx_word' id='word_1_124' title='bbox 159 926 204 964; x_wconf 90' lang='lat' dir='ltr'>de</span> <span class='ocrx_word' id='word_1_125' title='bbox 213 926 330 965; x_wconf 87' lang='lat' dir='ltr'>Aiace</span> <span class='ocrx_word' id='word_1_126' title='bbox 343 926 397 968; x_wconf 85' lang='lat' dir='ltr'>V,</span> <span class='ocrx_word' id='word_1_127' title='bbox 411 926 509 976; x_wconf 84' lang='lat'>654:</span> <span class='ocrx_word' id='word_1_128' title='bbox 528 948 572 954; x_wconf 93' lang='lat'><strong>—</strong></span> <span class='ocrx_word' id='word_1_129' title='bbox 587 926 666 977; x_wconf 69' lang='grc' dir='ltr'>περὶ</span> <span class='ocrx_word' id='word_1_130' title='bbox 679 924 724 965; x_wconf 66' lang='lat' dir='ltr'>s‘e</span> <span class='ocrx_word' id='word_1_131' title='bbox 743 925 849 973; x_wconf 75' lang='grc' dir='ltr'><em>σφίσι</em></span> <span class='ocrx_word' id='word_1_132' title='bbox 861 925 979 978; x_wconf 70' lang='grc' dir='ltr'><em>’γαῖαν</em></span> <span class='ocrx_word' id='word_1_133' title='bbox 990 927 1110 966; x_wconf 69' lang='grc' dir='ltr'>Χεῦαν</span> <span class='ocrx_word' id='word_1_134' title='bbox 1123 929 1337 980; x_wconf 68' lang='grc' dir='ltr'><em>ἀπειρεσίην</em></span> 
     </span>
     <span class='ocr_line' id='line_1_15' title="bbox 67 976 1339 1035; baseline 0.001 -15"><span class='ocrx_word' id='word_1_135' title='bbox 67 978 266 1020; x_wconf 63' lang='lat' dir='ltr'>‘Pom-isac</span> <span class='ocrx_word' id='word_1_136' title='bbox 288 976 364 1030; x_wconf 67' lang='grc' dir='ltr'>οὐχ</span> <span class='ocrx_word' id='word_1_137' title='bbox 381 977 471 1018; x_wconf 65' lang='grc' dir='ltr'>ἑκὰς</span> <span class='ocrx_word' id='word_1_138' title='bbox 493 977 621 1019; x_wconf 69' lang='grc' dir='ltr'><em>ἀκτῆς·</em></span> <span class='ocrx_word' id='word_1_139' title='bbox 647 978 800 1033; x_wconf 89' lang='lat' dir='ltr'>prorsus</span> <span class='ocrx_word' id='word_1_140' title='bbox 820 990 864 1019; x_wconf 89' lang='lat' dir='ltr'>ut</span> <span class='ocrx_word' id='word_1_141' title='bbox 882 981 1098 1033; x_wconf 78' lang='lat' dir='ltr'>Antipater,</span> <span class='ocrx_word' id='word_1_142' title='bbox 1122 981 1233 1032; x_wconf 61' lang='grc' dir='ltr'>Σῆμα</span> <span class='ocrx_word' id='word_1_143' title='bbox 1247 984 1339 1035; x_wconf 72' lang='grc' dir='ltr'>παρ’</span> 
     </span>
     <span class='ocr_line' id='line_1_16' title="bbox 68 1031 1336 1087; baseline 0.003 -16"><span class='ocrx_word' id='word_1_144' title='bbox 68 1034 257 1073; x_wconf 58' lang='lat' dir='ltr'>Amr-teian</span> <span class='ocrx_word' id='word_1_145' title='bbox 276 1032 340 1072; x_wconf 73' lang='grc' dir='ltr'>ἐπὶ</span> <span class='ocrx_word' id='word_1_146' title='bbox 360 1031 551 1071; x_wconf 62' lang='lat' dir='ltr'>‘poi-enlm</span> <span class='ocrx_word' id='word_1_147' title='bbox 575 1032 728 1072; x_wconf 69' lang='grc' dir='ltr'>ἀκταῖς.</span> <span class='ocrx_word' id='word_1_148' title='bbox 751 1032 981 1086; x_wconf 86' lang='lat' dir='ltr'>Dausqueio</span> <span class='ocrx_word' id='word_1_149' title='bbox 1010 1035 1055 1073; x_wconf 91' lang='lat' dir='ltr'>ad</span> <span class='ocrx_word' id='word_1_150' title='bbox 1084 1035 1336 1087; x_wconf 85' lang='lat' dir='ltr'>posteriorem</span> 
     </span>
     <span class='ocr_line' id='line_1_17' title="bbox 68 1085 1338 1140; baseline 0.002 -14"><span class='ocrx_word' id='word_1_151' title='bbox 68 1086 225 1126; x_wconf 87' lang='lat' dir='ltr'>Calabri</span> <span class='ocrx_word' id='word_1_152' title='bbox 239 1085 390 1126; x_wconf 84' lang='lat' dir='ltr'>versum</span> <span class='ocrx_word' id='word_1_153' title='bbox 407 1085 531 1126; x_wconf 85' lang='lat' dir='ltr'>fraudi</span> <span class='ocrx_word' id='word_1_154' title='bbox 552 1085 621 1126; x_wconf 88' lang='lat' dir='ltr'>fuit</span> <span class='ocrx_word' id='word_1_155' title='bbox 641 1099 783 1139; x_wconf 82' lang='lat' dir='ltr'>prava,</span> <span class='ocrx_word' id='word_1_156' title='bbox 808 1100 910 1140; x_wconf 86' lang='lat' dir='ltr'>quae</span> <span class='ocrx_word' id='word_1_157' title='bbox 924 1088 1005 1127; x_wconf 89' lang='lat' dir='ltr'>edd.</span> <span class='ocrx_word' id='word_1_158' title='bbox 1022 1088 1202 1136; x_wconf 78' lang='lat' dir='ltr'>inhaesit,</span> <span class='ocrx_word' id='word_1_159' title='bbox 1225 1090 1338 1130; x_wconf 85' lang='lat' dir='ltr'>Plinii</span> 
     </span>
     <span class='ocr_line' id='line_1_18' title="bbox 66 1138 1338 1194; baseline 0.002 -14"><span class='ocrx_word' id='word_1_160' title='bbox 66 1140 325 1194; x_wconf 69' lang='lat' dir='ltr'>interpunffio</span> <span class='ocrx_word' id='word_1_161' title='bbox 337 1142 391 1188; x_wconf 88' lang='lat' dir='ltr'>V,</span> <span class='ocrx_word' id='word_1_162' title='bbox 405 1154 438 1180; x_wconf 91' lang='lat' dir='ltr'>c.</span> <span class='ocrx_word' id='word_1_163' title='bbox 454 1154 518 1193; x_wconf 84' lang='lat'>30,</span> <span class='ocrx_word' id='word_1_164' title='bbox 535 1138 596 1180; x_wconf 91' lang='lat' dir='ltr'>sed</span> <span class='ocrx_word' id='word_1_165' title='bbox 607 1140 827 1192; x_wconf 89' lang='lat' dir='ltr'>iampridem</span> <span class='ocrx_word' id='word_1_166' title='bbox 840 1154 860 1180; x_wconf 87' lang='lat' dir='ltr'>a</span> <span class='ocrx_word' id='word_1_167' title='bbox 874 1155 1015 1194; x_wconf 84' lang='lat' dir='ltr'>magno</span> <span class='ocrx_word' id='word_1_168' title='bbox 1026 1142 1201 1182; x_wconf 90' lang='lat' dir='ltr'>Pintiano</span> <span class='ocrx_word' id='word_1_169' title='bbox 1217 1142 1338 1183; x_wconf 91' lang='lat' dir='ltr'>veris-</span> 
     </span>
     <span class='ocr_line' id='line_1_19' title="bbox 66 1193 1338 1243; baseline 0.003 -9"><span class='ocrx_word' id='word_1_170' title='bbox 66 1194 158 1235; x_wconf 80' lang='lat' dir='ltr'>sime</span> <span class='ocrx_word' id='word_1_171' title='bbox 172 1194 352 1234; x_wconf 67' lang='lat' dir='ltr'>correea.</span> <span class='ocrx_word' id='word_1_172' title='bbox 366 1195 505 1243; x_wconf 89' lang='lat' dir='ltr'>Miror,</span> <span class='ocrx_word' id='word_1_173' title='bbox 520 1207 588 1233; x_wconf 88' lang='lat' dir='ltr'>cur</span> <span class='ocrx_word' id='word_1_174' title='bbox 603 1193 648 1233; x_wconf 88' lang='lat' dir='ltr'>Is.</span> <span class='ocrx_word' id='word_1_175' title='bbox 664 1193 822 1234; x_wconf 86' lang='lat' dir='ltr'>Voffius</span> <span class='ocrx_word' id='word_1_176' title='bbox 836 1194 882 1234; x_wconf 88' lang='lat' dir='ltr'>ad</span> <span class='ocrx_word' id='word_1_177' title='bbox 896 1195 1039 1234; x_wconf 87' lang='lat' dir='ltr'>Melam</span> <span class='ocrx_word' id='word_1_178' title='bbox 1054 1195 1083 1243; x_wconf 87' lang='grc' dir='ltr'>Ι,</span> <span class='ocrx_word' id='word_1_179' title='bbox 1098 1209 1131 1235; x_wconf 90' lang='lat' dir='ltr'>c.</span> <span class='ocrx_word' id='word_1_180' title='bbox 1153 1212 1167 1236; x_wconf 93' lang='lat'>1</span> <span class='ocrx_word' id='word_1_181' title='bbox 1177 1196 1215 1243; x_wconf 89' lang='lat'>8,</span> <span class='ocrx_word' id='word_1_182' title='bbox 1230 1210 1338 1238; x_wconf 89' lang='lat' dir='ltr'>erro-</span> 
     </span>
     <span class='ocr_line' id='line_1_20' title="bbox 66 1247 1334 1301; baseline 0.002 -14"><span class='ocrx_word' id='word_1_183' title='bbox 66 1249 118 1288; x_wconf 76' lang='lat' dir='ltr'>ris</span> <span class='ocrx_word' id='word_1_184' title='bbox 133 1248 294 1288; x_wconf 88' lang='lat' dir='ltr'>Plinium</span> <span class='ocrx_word' id='word_1_185' title='bbox 319 1247 487 1287; x_wconf 83' lang='lat' dir='ltr'>incusare</span> <span class='ocrx_word' id='word_1_186' title='bbox 508 1248 836 1301; x_wconf 88' lang='lat' dir='ltr'>maluerit‚quam</span> <span class='ocrx_word' id='word_1_187' title='bbox 855 1250 1028 1289; x_wconf 90' lang='lat' dir='ltr'>remedio</span> <span class='ocrx_word' id='word_1_188' title='bbox 1051 1260 1130 1289; x_wconf 82' lang='lat' dir='ltr'>tarn</span> <span class='ocrx_word' id='word_1_189' title='bbox 1155 1251 1231 1291; x_wconf 88' lang='lat' dir='ltr'>leni</span> <span class='ocrx_word' id='word_1_190' title='bbox 1253 1252 1334 1299; x_wconf 86' lang='lat' dir='ltr'>uti;</span> 
     </span>
     <span class='ocr_line' id='line_1_21' title="bbox 68 1300 1333 1356; baseline 0.002 -14"><span class='ocrx_word' id='word_1_191' title='bbox 68 1302 137 1342; x_wconf 74' lang='lat' dir='ltr'>nisi</span> <span class='ocrx_word' id='word_1_192' title='bbox 149 1302 254 1355; x_wconf 87' lang='lat' dir='ltr'>quod</span> <span class='ocrx_word' id='word_1_193' title='bbox 269 1302 367 1341; x_wconf 89' lang='lat' dir='ltr'>idem</span> <span class='ocrx_word' id='word_1_194' title='bbox 381 1300 565 1341; x_wconf 85' lang='lat' dir='ltr'>Salmafio</span> <span class='ocrx_word' id='word_1_195' title='bbox 580 1302 773 1354; x_wconf 85' lang='lat' dir='ltr'>placuerat</span> <span class='ocrx_word' id='word_1_196' title='bbox 785 1303 877 1341; x_wconf 87' lang='lat' dir='ltr'>Plin.</span> <span class='ocrx_word' id='word_1_197' title='bbox 892 1303 1024 1344; x_wconf 83' lang='lat' dir='ltr'>Exere.</span> <span class='ocrx_word' id='word_1_198' title='bbox 1039 1317 1075 1356; x_wconf 91' lang='lat' dir='ltr'>p.</span> <span class='ocrx_word' id='word_1_199' title='bbox 1092 1305 1182 1344; x_wconf 88' lang='lat'>610.</span> <span class='ocrx_word' id='word_1_200' title='bbox 1200 1306 1333 1345; x_wconf 86' lang='lat' dir='ltr'>Videri</span> 
     </span>
     <span class='ocr_line' id='line_1_22' title="bbox 65 1355 1335 1410; baseline 0.002 -15"><span class='ocrx_word' id='word_1_201' title='bbox 65 1355 189 1409; x_wconf 84' lang='lat' dir='ltr'>poffet</span> <span class='ocrx_word' id='word_1_202' title='bbox 201 1356 347 1396; x_wconf 86' lang='lat' dir='ltr'>Seneca</span> <span class='ocrx_word' id='word_1_203' title='bbox 359 1356 504 1395; x_wconf 88' lang='lat' dir='ltr'>Troad.</span> <span class='ocrx_word' id='word_1_204' title='bbox 519 1370 558 1395; x_wconf 89' lang='lat' dir='ltr'>v.</span> <span class='ocrx_word' id='word_1_205' title='bbox 577 1369 589 1393; x_wconf 89' lang='lat'><em>1</em></span> <span class='ocrx_word' id='word_1_206' title='bbox 603 1369 672 1395; x_wconf 86' lang='lat'>122</span> <span class='ocrx_word' id='word_1_207' title='bbox 686 1357 724 1394; x_wconf 89' lang='lat' dir='ltr'>in</span> <span class='ocrx_word' id='word_1_208' title='bbox 736 1355 958 1409; x_wconf 87' lang='lat' dir='ltr'>scriptorem</span> <span class='ocrx_word' id='word_1_209' title='bbox 975 1357 1157 1404; x_wconf 73' lang='lat' dir='ltr'>incidisse,</span> <span class='ocrx_word' id='word_1_210' title='bbox 1183 1359 1249 1410; x_wconf 89' lang='lat' dir='ltr'>qui</span> <span class='ocrx_word' id='word_1_211' title='bbox 1264 1371 1335 1399; x_wconf 90' lang='lat' dir='ltr'>tu-</span> 
     </span>
     <span class='ocr_line' id='line_1_23' title="bbox 64 1409 1328 1463; baseline 0.002 -14"><span class='ocrx_word' id='word_1_212' title='bbox 64 1410 214 1450; x_wconf 88' lang='lat' dir='ltr'>mulum</span> <span class='ocrx_word' id='word_1_213' title='bbox 227 1409 384 1449; x_wconf 86' lang='lat' dir='ltr'>Achillis</span> <span class='ocrx_word' id='word_1_214' title='bbox 396 1409 606 1449; x_wconf 82' lang='lat' dir='ltr'>collocaret</span> <span class='ocrx_word' id='word_1_215' title='bbox 618 1410 656 1448; x_wconf 91' lang='lat' dir='ltr'>in</span> <span class='ocrx_word' id='word_1_216' title='bbox 668 1410 850 1450; x_wconf 87' lang='lat' dir='ltr'>Rhoeteo</span> <span class='ocrx_word' id='word_1_217' title='bbox 861 1426 870 1450; x_wconf 73' lang='grc' dir='ltr'><strong><em>ε</em></strong></span> <span class='ocrx_word' id='word_1_218' title='bbox 881 1424 1018 1450; x_wconf 90' lang='lat' dir='ltr'>verum</span> <span class='ocrx_word' id='word_1_219' title='bbox 1033 1415 1149 1463; x_wconf 79' lang='lat' dir='ltr'>poeta</span> <span class='ocrx_word' id='word_1_220' title='bbox 1162 1412 1328 1452; x_wconf 66' lang='lat' dir='ltr'>trastum</span> 
     </span>
     <span class='ocr_line' id='line_1_24' title="bbox 65 1462 1332 1518; baseline 0.002 -15"><span class='ocrx_word' id='word_1_221' title='bbox 65 1463 174 1503; x_wconf 87' lang='lat' dir='ltr'>illum</span> <span class='ocrx_word' id='word_1_222' title='bbox 190 1465 298 1517; x_wconf 90' lang='lat' dir='ltr'>ponti</span> <span class='ocrx_word' id='word_1_223' title='bbox 316 1462 397 1503; x_wconf 86' lang='lat' dir='ltr'>five</span> <span class='ocrx_word' id='word_1_224' title='bbox 411 1464 631 1504; x_wconf 87' lang='lat' dir='ltr'>Rhoeteum</span> <span class='ocrx_word' id='word_1_225' title='bbox 647 1464 830 1516; x_wconf 81' lang='lat' dir='ltr'>appellet,</span> <span class='ocrx_word' id='word_1_226' title='bbox 845 1463 926 1504; x_wconf 85' lang='lat' dir='ltr'>five</span> <span class='ocrx_word' id='word_1_227' title='bbox 947 1465 1119 1518; x_wconf 86' lang='lat' dir='ltr'>Sigeum,</span> <span class='ocrx_word' id='word_1_228' title='bbox 1139 1468 1332 1507; x_wconf 81' lang='lat' dir='ltr'>utrumvis</span> 
     </span>
     <span class='ocr_line' id='line_1_25' title="bbox 65 1516 1332 1570; baseline 0.004 -14"><span class='ocrx_word' id='word_1_229' title='bbox 65 1517 106 1556; x_wconf 91' lang='lat' dir='ltr'>in</span> <span class='ocrx_word' id='word_1_230' title='bbox 130 1529 236 1556; x_wconf 88' lang='lat' dir='ltr'>tanta</span> <span class='ocrx_word' id='word_1_231' title='bbox 259 1517 435 1557; x_wconf 89' lang='lat' dir='ltr'>locorum</span> <span class='ocrx_word' id='word_1_232' title='bbox 456 1518 740 1570; x_wconf 88' lang='lat' dir='ltr'>propinquitate</span> <span class='ocrx_word' id='word_1_233' title='bbox 762 1516 831 1556; x_wconf 87' lang='lat' dir='ltr'>suo</span> <span class='ocrx_word' id='word_1_234' title='bbox 854 1519 936 1557; x_wconf 92' lang='lat' dir='ltr'>iure</span> <span class='ocrx_word' id='word_1_235' title='bbox 958 1518 1099 1559; x_wconf 88' lang='lat' dir='ltr'>fecerit.</span> <span class='ocrx_word' id='word_1_236' title='bbox 1133 1519 1332 1561; x_wconf 83' lang='lat' dir='ltr'>Praeterea</span> 
     </span>
     <span class='ocr_line' id='line_1_26' title="bbox 64 1570 1332 1624; baseline 0.002 -13"><span class='ocrx_word' id='word_1_237' title='bbox 64 1584 138 1611; x_wconf 89' lang='lat' dir='ltr'>nec</span> <span class='ocrx_word' id='word_1_238' title='bbox 152 1570 328 1611; x_wconf 83' lang='lat' dir='ltr'>Voffium</span> <span class='ocrx_word' id='word_1_239' title='bbox 347 1572 472 1624; x_wconf 89' lang='lat' dir='ltr'>probo</span> <span class='ocrx_word' id='word_1_240' title='bbox 485 1601 498 1617; x_wconf 90' lang='lat'>,</span> <span class='ocrx_word' id='word_1_241' title='bbox 518 1584 606 1611; x_wconf 90' lang='lat' dir='ltr'>cum</span> <span class='ocrx_word' id='word_1_242' title='bbox 619 1570 786 1610; x_wconf 79' lang='lat' dir='ltr'>Salmasii</span> <span class='ocrx_word' id='word_1_243' title='bbox 801 1572 1022 1612; x_wconf 88' lang='lat' dir='ltr'>medicinam</span> <span class='ocrx_word' id='word_1_244' title='bbox 1043 1573 1080 1611; x_wconf 90' lang='lat' dir='ltr'>in</span> <span class='ocrx_word' id='word_1_245' title='bbox 1096 1572 1258 1612; x_wconf 83' lang='lat' dir='ltr'>eiusdem</span> <span class='ocrx_word' id='word_1_246' title='bbox 1271 1588 1332 1614; x_wconf 85' lang='lat' dir='ltr'>re-</span> 
     </span>
     <span class='ocr_line' id='line_1_27' title="bbox 64 1624 1331 1679; baseline 0.003 -15"><span class='ocrx_word' id='word_1_247' title='bbox 64 1626 195 1678; x_wconf 88' lang='lat' dir='ltr'>gionis</span> <span class='ocrx_word' id='word_1_248' title='bbox 227 1624 479 1677; x_wconf 88' lang='lat' dir='ltr'>descriptione</span> <span class='ocrx_word' id='word_1_249' title='bbox 499 1624 676 1665; x_wconf 73' lang='lat' dir='ltr'>Straboni</span> <span class='ocrx_word' id='word_1_250' title='bbox 700 1625 903 1664; x_wconf 87' lang='lat' dir='ltr'>adhibitam</span> <span class='ocrx_word' id='word_1_251' title='bbox 922 1640 960 1679; x_wconf 88' lang='lat' dir='ltr'>p.</span> <span class='ocrx_word' id='word_1_252' title='bbox 977 1626 1022 1664; x_wconf 84' lang='lat'>61</span> <span class='ocrx_word' id='word_1_253' title='bbox 1038 1640 1050 1663; x_wconf 90' lang='lat'>1</span> <span class='ocrx_word' id='word_1_254' title='bbox 1067 1626 1115 1666; x_wconf 91' lang='lat' dir='ltr'>G.</span> <span class='ocrx_word' id='word_1_255' title='bbox 1136 1628 1331 1679; x_wconf 87' lang='lat' dir='ltr'>repudiat:</span> 
     </span>
     <span class='ocr_line' id='line_1_28' title="bbox 63 1677 1332 1732; baseline 0.002 -14"><span class='ocrx_word' id='word_1_256' title='bbox 63 1680 210 1731; x_wconf 84' lang='lat' dir='ltr'>exigua</span> <span class='ocrx_word' id='word_1_257' title='bbox 221 1678 464 1731; x_wconf 73' lang='lat' dir='ltr'>transpositio</span> <span class='ocrx_word' id='word_1_258' title='bbox 485 1690 639 1731; x_wconf 87' lang='lat' dir='ltr'>tamque</span> <span class='ocrx_word' id='word_1_259' title='bbox 658 1677 774 1718; x_wconf 89' lang='lat' dir='ltr'>facilis</span> <span class='ocrx_word' id='word_1_260' title='bbox 787 1709 799 1725; x_wconf 91' lang='lat'>,</span> <span class='ocrx_word' id='word_1_261' title='bbox 823 1690 867 1718; x_wconf 88' lang='lat' dir='ltr'>ut</span> <span class='ocrx_word' id='word_1_262' title='bbox 880 1677 1124 1732; x_wconf 89' lang='lat' dir='ltr'>Dausqueius</span> <span class='ocrx_word' id='word_1_263' title='bbox 1140 1682 1257 1720; x_wconf 86' lang='lat' dir='ltr'>etiam</span> <span class='ocrx_word' id='word_1_264' title='bbox 1280 1681 1332 1722; x_wconf 82' lang='lat' dir='ltr'>sic</span> 
     </span>
     <span class='ocr_line' id='line_1_29' title="bbox 63 1730 1332 1786; baseline 0.003 -15"><span class='ocrx_word' id='word_1_265' title='bbox 63 1733 175 1786; x_wconf 88' lang='lat' dir='ltr'>plane</span> <span class='ocrx_word' id='word_1_266' title='bbox 189 1732 373 1785; x_wconf 80' lang='lat' dir='ltr'>scripserit</span> <span class='ocrx_word' id='word_1_267' title='bbox 385 1764 396 1781; x_wconf 92' lang='lat'>‚</span> <span class='ocrx_word' id='word_1_268' title='bbox 412 1746 460 1772; x_wconf 93' lang='lat' dir='ltr'>ne</span> <span class='ocrx_word' id='word_1_269' title='bbox 476 1733 558 1772; x_wconf 89' lang='lat' dir='ltr'>vitii</span> <span class='ocrx_word' id='word_1_270' title='bbox 572 1732 725 1786; x_wconf 87' lang='lat' dir='ltr'>quidem</span> <span class='ocrx_word' id='word_1_271' title='bbox 739 1732 815 1772; x_wconf 90' lang='lat' dir='ltr'>ulla</span> <span class='ocrx_word' id='word_1_272' title='bbox 830 1730 928 1772; x_wconf 66' lang='lat' dir='ltr'>faeta</span> <span class='ocrx_word' id='word_1_273' title='bbox 943 1735 1149 1774; x_wconf 91' lang='lat' dir='ltr'>mentione.</span> <span class='ocrx_word' id='word_1_274' title='bbox 1169 1734 1332 1775; x_wconf 85' lang='lat' dir='ltr'>Achillis</span> 
     </span>
     <span class='ocr_line' id='line_1_30' title="bbox 64 1785 1332 1839; baseline 0.002 -14"><span class='ocrx_word' id='word_1_275' title='bbox 64 1798 193 1826; x_wconf 88' lang='lat' dir='ltr'>autem</span> <span class='ocrx_word' id='word_1_276' title='bbox 206 1798 500 1826; x_wconf 90' lang='lat' dir='ltr'>monumentum</span> <span class='ocrx_word' id='word_1_277' title='bbox 512 1786 676 1826; x_wconf 85' lang='lat' dir='ltr'>Patrocli</span> <span class='ocrx_word' id='word_1_278' title='bbox 684 1786 795 1826; x_wconf 89' lang='lat' dir='ltr'>fimul</span> <span class='ocrx_word' id='word_1_279' title='bbox 806 1785 884 1826; x_wconf 84' lang='lat' dir='ltr'>offa</span> <span class='ocrx_word' id='word_1_280' title='bbox 894 1787 1234 1839; x_wconf 63' lang='lat' dir='ltr'>complectebatur:</span> <span class='ocrx_word' id='word_1_281' title='bbox 1246 1789 1332 1828; x_wconf 87' lang='lat' dir='ltr'>Phi·</span> 
     </span>
     <span class='ocr_line' id='line_1_31' title="bbox 63 1839 1329 1894; baseline 0.002 -15"><span class='ocrx_word' id='word_1_282' title='bbox 63 1839 168 1880; x_wconf 89' lang='lat' dir='ltr'>lostr.</span> <span class='ocrx_word' id='word_1_283' title='bbox 180 1841 273 1880; x_wconf 90' lang='lat' dir='ltr'>Her.</span> <span class='ocrx_word' id='word_1_284' title='bbox 286 1854 320 1893; x_wconf 87' lang='lat' dir='ltr'>p.</span> <span class='ocrx_word' id='word_1_285' title='bbox 334 1854 424 1892; x_wconf 86' lang='lat'>739.</span> <span class='ocrx_word' id='word_1_286' title='bbox 448 1840 575 1880; x_wconf 81' lang='lat' dir='ltr'>Aiacis</span> <span class='ocrx_word' id='word_1_287' title='bbox 585 1840 707 1893; x_wconf 84' lang='lat' dir='ltr'>longo</span> <span class='ocrx_word' id='word_1_288' title='bbox 720 1840 805 1893; x_wconf 87' lang='lat' dir='ltr'>post</span> <span class='ocrx_word' id='word_1_289' title='bbox 823 1851 1001 1894; x_wconf 90' lang='lat' dir='ltr'>tempore</span> <span class='ocrx_word' id='word_1_290' title='bbox 1018 1840 1202 1881; x_wconf 85' lang='lat' dir='ltr'>violentia</span> <span class='ocrx_word' id='word_1_291' title='bbox 1217 1843 1329 1882; x_wconf 85' lang='lat' dir='ltr'>maris</span> 
     </span>
     <span class='ocr_line' id='line_1_32' title="bbox 63 1893 1330 1949; baseline 0.002 -15"><span class='ocrx_word' id='word_1_292' title='bbox 63 1893 265 1934; x_wconf 64' lang='lat' dir='ltr'>effraRum</span> <span class='ocrx_word' id='word_1_293' title='bbox 279 1895 483 1935; x_wconf 87' lang='lat' dir='ltr'>immanem</span> <span class='ocrx_word' id='word_1_294' title='bbox 498 1893 632 1934; x_wconf 86' lang='lat' dir='ltr'>offium</span> <span class='ocrx_word' id='word_1_295' title='bbox 651 1894 946 1947; x_wconf 84' lang='lat' dir='ltr'>magnitudinem</span> <span class='ocrx_word' id='word_1_296' title='bbox 968 1894 1147 1947; x_wconf 87' lang='lat' dir='ltr'>patefecit</span> <span class='ocrx_word' id='word_1_297' title='bbox 1159 1926 1169 1942; x_wconf 90' lang='grc'>,</span> <span class='ocrx_word' id='word_1_298' title='bbox 1191 1908 1240 1935; x_wconf 81' lang='lat' dir='ltr'>ex</span> <span class='ocrx_word' id='word_1_299' title='bbox 1254 1910 1330 1949; x_wconf 88' lang='lat' dir='ltr'>qua</span> 
     </span>
     <span class='ocr_line' id='line_1_33' title="bbox 66 1944 1330 2004; baseline 0.004 -18"><span class='ocrx_word' id='word_1_300' title='bbox 66 1947 164 1987; x_wconf 88' lang='lat' dir='ltr'>celsa</span> <span class='ocrx_word' id='word_1_301' title='bbox 186 1948 314 1988; x_wconf 88' lang='lat' dir='ltr'>herois</span> <span class='ocrx_word' id='word_1_302' title='bbox 333 1949 420 1988; x_wconf 86' lang='lat' dir='ltr'>vivi</span> <span class='ocrx_word' id='word_1_303' title='bbox 442 1947 583 1988; x_wconf 89' lang='lat' dir='ltr'>statura</span> <span class='ocrx_word' id='word_1_304' title='bbox 601 1944 789 1988; x_wconf 85' lang='lat' dir='ltr'>aestimari</span> <span class='ocrx_word' id='word_1_305' title='bbox 810 1959 981 2002; x_wconf 88' lang='lat' dir='ltr'>poterat:</span> <span class='ocrx_word' id='word_1_306' title='bbox 1007 1948 1218 1997; x_wconf 80' lang='lat' dir='ltr'>Pausan,1,</span> <span class='ocrx_word' id='word_1_307' title='bbox 1243 1963 1330 2004; x_wconf 81' lang='lat' dir='ltr'>pag.</span> 
     </span>
     <span class='ocr_line' id='line_1_34' title="bbox 64 1999 318 2042; baseline -0.004 0"><span class='ocrx_word' id='word_1_308' title='bbox 64 1999 131 2042; x_wconf 87' lang='lat'>86.</span> <span class='ocrx_word' id='word_1_309' title='bbox 156 2003 318 2041; x_wconf 73' lang='lat' dir='ltr'>HEMST.</span> 
     </span>
    </p>

    <p class='ocr_par' dir='ltr' id='par_1_6' title="bbox 64 2053 1330 2579">
     <span class='ocr_line' id='line_1_35' title="bbox 121 2053 1330 2110; baseline 0.003 -17"><span class='ocrx_word' id='word_1_310' title='bbox 121 2056 282 2109; x_wconf 83' lang='lat' dir='ltr'>Pag.63.</span> <span class='ocrx_word' id='word_1_311' title='bbox 291 2057 314 2095; x_wconf 94' lang='lat' dir='ltr'>l.</span> <span class='ocrx_word' id='word_1_312' title='bbox 326 2055 363 2095; x_wconf 90' lang='lat'>6.</span> <span class='ocrx_word' id='word_1_313' title='bbox 372 2053 593 2110; x_wconf 63' lang='grc' dir='ltr'>Διαψύξοιι)</span> <span class='ocrx_word' id='word_1_314' title='bbox 602 2055 729 2096; x_wconf 87' lang='lat' dir='ltr'>Nicias</span> <span class='ocrx_word' id='word_1_315' title='bbox 738 2056 837 2109; x_wconf 86' lang='lat' dir='ltr'>apud</span> <span class='ocrx_word' id='word_1_316' title='bbox 845 2055 1026 2107; x_wconf 88' lang='lat' dir='ltr'>Thucyd.</span> <span class='ocrx_word' id='word_1_317' title='bbox 1035 2055 1128 2104; x_wconf 81' lang='lat' dir='ltr'>VH,</span> <span class='ocrx_word' id='word_1_318' title='bbox 1137 2070 1167 2096; x_wconf 91' lang='lat' dir='ltr'>c.</span> <span class='ocrx_word' id='word_1_319' title='bbox 1186 2070 1199 2093; x_wconf 84' lang='lat'>1</span> <span class='ocrx_word' id='word_1_320' title='bbox 1210 2071 1246 2102; x_wconf 87' lang='lat'>2,</span> <span class='ocrx_word' id='word_1_321' title='bbox 1255 2058 1330 2098; x_wconf 75' lang='grc' dir='ltr'>τέις</span> 
     </span>
     <span class='ocr_line' id='line_1_36' title="bbox 64 2106 1329 2161; baseline 0.002 -14"><span class='ocrx_word' id='word_1_322' title='bbox 64 2107 132 2159; x_wconf 76' lang='grc' dir='ltr'>μὲν</span> <span class='ocrx_word' id='word_1_323' title='bbox 140 2112 219 2161; x_wconf 70' lang='grc' dir='ltr'>’γᾶς</span> <span class='ocrx_word' id='word_1_324' title='bbox 229 2108 315 2150; x_wconf 70' lang='grc' dir='ltr'>ναῦς</span> <span class='ocrx_word' id='word_1_325' title='bbox 330 2106 395 2148; x_wconf 76' lang='grc' dir='ltr'>οὐκ</span> <span class='ocrx_word' id='word_1_326' title='bbox 409 2108 512 2148; x_wconf 80' lang='grc' dir='ltr'><strong><em>ἔστιν</em></strong></span> <span class='ocrx_word' id='word_1_327' title='bbox 527 2109 813 2149; x_wconf 56' lang='lat' dir='ltr'>&amp;venatio-wrm</span> <span class='ocrx_word' id='word_1_328' title='bbox 828 2109 1036 2161; x_wconf 55' lang='grc' dir='ltr'>ὃιαψύξιει·</span> <span class='ocrx_word' id='word_1_329' title='bbox 1057 2110 1108 2149; x_wconf 86' lang='lat' dir='ltr'>ibi</span> <span class='ocrx_word' id='word_1_330' title='bbox 1123 2111 1329 2151; x_wconf 87' lang='lat' dir='ltr'>commode</span> 
     </span>
     <span class='ocr_line' id='line_1_37' title="bbox 66 2162 1329 2217; baseline 0.002 -16"><span class='ocrx_word' id='word_1_331' title='bbox 66 2162 222 2203; x_wconf 88' lang='lat' dir='ltr'>Luciani</span> <span class='ocrx_word' id='word_1_332' title='bbox 242 2163 373 2203; x_wconf 91' lang='lat' dir='ltr'>locum</span> <span class='ocrx_word' id='word_1_333' title='bbox 389 2163 590 2203; x_wconf 90' lang='lat' dir='ltr'>annotavit</span> <span class='ocrx_word' id='word_1_334' title='bbox 605 2163 849 2217; x_wconf 78' lang='lat' dir='ltr'>praestantiss&#39;.</span> <span class='ocrx_word' id='word_1_335' title='bbox 867 2163 1068 2203; x_wconf 83' lang='lat' dir='ltr'>Dukerus.</span> <span class='ocrx_word' id='word_1_336' title='bbox 1094 2165 1240 2202; x_wconf 87' lang='lat' dir='ltr'>Mirum</span> <span class='ocrx_word' id='word_1_337' title='bbox 1253 2195 1267 2209; x_wconf 92' lang='lat'>,</span> <span class='ocrx_word' id='word_1_338' title='bbox 1290 2166 1329 2204; x_wconf 85' lang='lat' dir='ltr'>ni</span> 
     </span>
     <span class='ocr_line' id='line_1_38' title="bbox 66 2215 1330 2270; baseline 0 -14"><span class='ocrx_word' id='word_1_339' title='bbox 66 2216 290 2257; x_wconf 86' lang='lat' dir='ltr'>Scholiastes</span> <span class='ocrx_word' id='word_1_340' title='bbox 301 2229 500 2269; x_wconf 83' lang='lat' dir='ltr'>exponens</span> <span class='ocrx_word' id='word_1_341' title='bbox 513 2216 738 2269; x_wconf 63' lang='grc' dir='ltr'>ἓιοικαθᾶρειι</span> <span class='ocrx_word' id='word_1_342' title='bbox 751 2217 882 2270; x_wconf 85' lang='lat' dir='ltr'>legerit</span> <span class='ocrx_word' id='word_1_343' title='bbox 896 2215 1106 2268; x_wconf 62' lang='grc' dir='ltr'>ἓιαῴῖξκι,</span> <span class='ocrx_word' id='word_1_344' title='bbox 1124 2229 1240 2270; x_wconf 89' lang='lat' dir='ltr'>prout</span> <span class='ocrx_word' id='word_1_345' title='bbox 1254 2217 1330 2267; x_wconf 61' lang='grc' dir='ltr'>ψύ-</span> 
     </span>
     <span class='ocr_line' id='line_1_39' title="bbox 67 2267 1329 2324; baseline 0.002 -15"><span class='ocrx_word' id='word_1_346' title='bbox 67 2283 158 2322; x_wconf 77' lang='grc' dir='ltr'>χειν</span> <span class='ocrx_word' id='word_1_347' title='bbox 172 2270 212 2310; x_wconf 89' lang='lat'>&amp;</span> <span class='ocrx_word' id='word_1_348' title='bbox 221 2267 364 2324; x_wconf 60' lang='grc' dir='ltr'>ψήχων</span> <span class='ocrx_word' id='word_1_349' title='bbox 376 2283 454 2310; x_wconf 91' lang='lat' dir='ltr'>non</span> <span class='ocrx_word' id='word_1_350' title='bbox 465 2283 553 2311; x_wconf 90' lang='lat' dir='ltr'>raro</span> <span class='ocrx_word' id='word_1_351' title='bbox 565 2282 867 2318; x_wconf 82' lang='lat' dir='ltr'>commutantur,</span> <span class='ocrx_word' id='word_1_352' title='bbox 879 2271 922 2310; x_wconf 88' lang='lat' dir='ltr'>iis</span> <span class='ocrx_word' id='word_1_353' title='bbox 935 2284 1214 2324; x_wconf 86' lang='lat' dir='ltr'>nonnunquam</span> <span class='ocrx_word' id='word_1_354' title='bbox 1227 2272 1265 2310; x_wconf 92' lang='lat' dir='ltr'>in</span> <span class='ocrx_word' id='word_1_355' title='bbox 1274 2271 1329 2311; x_wconf 92' lang='lat' dir='ltr'>lo-</span> 
     </span>
     <span class='ocr_line' id='line_1_40' title="bbox 68 2324 1327 2378; baseline 0.003 -17"><span class='ocrx_word' id='word_1_356' title='bbox 68 2324 140 2369; x_wconf 87' lang='lat' dir='ltr'>cis,</span> <span class='ocrx_word' id='word_1_357' title='bbox 153 2325 221 2364; x_wconf 88' lang='lat' dir='ltr'>ubi</span> <span class='ocrx_word' id='word_1_358' title='bbox 234 2325 301 2365; x_wconf 85' lang='lat' dir='ltr'>vix</span> <span class='ocrx_word' id='word_1_359' title='bbox 314 2326 512 2370; x_wconf 87' lang='lat' dir='ltr'>decernas,</span> <span class='ocrx_word' id='word_1_360' title='bbox 529 2336 659 2365; x_wconf 90' lang='lat' dir='ltr'>utrum</span> <span class='ocrx_word' id='word_1_361' title='bbox 677 2324 720 2363; x_wconf 87' lang='lat' dir='ltr'>fit</span> <span class='ocrx_word' id='word_1_362' title='bbox 733 2324 1070 2378; x_wconf 80' lang='lat' dir='ltr'>anteponendum3</span> <span class='ocrx_word' id='word_1_363' title='bbox 1086 2338 1183 2377; x_wconf 85' lang='lat' dir='ltr'>quae</span> <span class='ocrx_word' id='word_1_364' title='bbox 1200 2336 1327 2365; x_wconf 87' lang='lat' dir='ltr'>tamen</span> 
     </span>
     <span class='ocr_line' id='line_1_41' title="bbox 67 2377 1328 2432; baseline 0.002 -17"><span class='ocrx_word' id='word_1_365' title='bbox 67 2377 255 2418; x_wconf 84' lang='lat' dir='ltr'>dubitatio</span> <span class='ocrx_word' id='word_1_366' title='bbox 270 2379 308 2417; x_wconf 90' lang='lat' dir='ltr'>in</span> <span class='ocrx_word' id='word_1_367' title='bbox 316 2378 558 2429; x_wconf 86' lang='lat' dir='ltr'>Thucydidis</span> <span class='ocrx_word' id='word_1_368' title='bbox 569 2379 686 2418; x_wconf 89' lang='lat' dir='ltr'>verba</span> <span class='ocrx_word' id='word_1_369' title='bbox 697 2379 832 2418; x_wconf 89' lang='lat' dir='ltr'>cadere</span> <span class='ocrx_word' id='word_1_370' title='bbox 843 2379 994 2432; x_wconf 89' lang='lat' dir='ltr'>nequit:</span> <span class='ocrx_word' id='word_1_371' title='bbox 1015 2391 1101 2417; x_wconf 88' lang='lat' dir='ltr'>nam</span> <span class='ocrx_word' id='word_1_372' title='bbox 1117 2379 1234 2418; x_wconf 89' lang='lat' dir='ltr'>modo</span> <span class='ocrx_word' id='word_1_373' title='bbox 1249 2379 1328 2418; x_wconf 84' lang='lat' dir='ltr'>lau-</span> 
     </span>
     <span class='ocr_line' id='line_1_42' title="bbox 69 2431 1324 2483; baseline 0 -13"><span class='ocrx_word' id='word_1_374' title='bbox 69 2431 226 2471; x_wconf 83' lang='lat' dir='ltr'>daverat</span> <span class='ocrx_word' id='word_1_375' title='bbox 244 2433 401 2471; x_wconf 88' lang='lat' dir='ltr'>navium</span> <span class='ocrx_word' id='word_1_376' title='bbox 416 2433 622 2472; x_wconf 88' lang='lat' dir='ltr'>recentium</span> <span class='ocrx_word' id='word_1_377' title='bbox 635 2433 699 2472; x_wconf 73' lang='grc' dir='ltr'>τὶιν</span> <span class='ocrx_word' id='word_1_378' title='bbox 713 2432 912 2483; x_wconf 68' lang='grc' dir='ltr'>ξηρότητα,</span> <span class='ocrx_word' id='word_1_379' title='bbox 927 2432 988 2472; x_wconf 89' lang='lat' dir='ltr'>cui</span> <span class='ocrx_word' id='word_1_380' title='bbox 999 2433 1231 2471; x_wconf 83' lang='lat' dir='ltr'>contrarium</span> <span class='ocrx_word' id='word_1_381' title='bbox 1252 2432 1324 2478; x_wconf 83' lang='lat' dir='ltr'>est,</span> 
     </span>
     <span class='ocr_line' id='line_1_43' title="bbox 68 2483 1327 2579; baseline 0.002 -54"><span class='ocrx_word' id='word_1_382' title='bbox 68 2483 99 2525; x_wconf 80' lang='lat' dir='ltr'>fi</span> <span class='ocrx_word' id='word_1_383' title='bbox 114 2497 237 2540; x_wconf 89' lang='lat' dir='ltr'>aequo</span> <span class='ocrx_word' id='word_1_384' title='bbox 248 2487 389 2527; x_wconf 84' lang='lat' dir='ltr'>diutius</span> <span class='ocrx_word' id='word_1_385' title='bbox 402 2486 712 2531; x_wconf 56' lang='grc' dir='ltr'>δαλασσεὺουσειι</span> <span class='ocrx_word' id='word_1_386' title='bbox 730 2485 866 2527; x_wconf 85' lang='lat' dir='ltr'>fierent</span> <span class='ocrx_word' id='word_1_387' title='bbox 879 2485 1098 2579; x_wconf 57' lang='grc' dir='ltr'>ὃιέιβέοχοι,</span> <span class='ocrx_word' id='word_1_388' title='bbox 1113 2486 1327 2528; x_wconf 73' lang='lat' dir='ltr'>&amp;humore</span> 
     </span>
    </p>

    <p class='ocr_par' dir='ltr' id='par_1_7' title="bbox 1012 2552 1086 2590">
     <span class='ocr_line' id='line_1_44' title="bbox 1012 2552 1086 2590; baseline 0 0"><span class='ocrx_word' id='word_1_389' title='bbox 1012 2552 1032 2580; x_wconf 87' lang='lat' dir='ltr'><strong>c</strong></span> <span class='ocrx_word' id='word_1_390' title='bbox 1060 2554 1086 2590; x_wconf 75' lang='lat'>4</span> 
     </span>
    </p>
   </div>
  </div>
 </body>
</html>
