2015 3490
640 252 730 303 sw
834 209 1706 286 ANNOTATIONES

691 325 764 363 ead.
780 324 804 363 l.
827 325 863 364 6.
881 324 945 364 Ἦν
963 324 1129 364 ἐπιλίποι
1149 321 1270 364 ἄλλου
1288 327 1398 373 τινος,
1415 325 1614 375 dimissae
1637 327 1701 366 ἐπὶ
1719 327 1900 380 παρόντος

637 377 818 429 ἀράμενος
833 377 848 415 ὃ
866 376 1035 416 Σιέικονος
1052 377 1105 416 τά
1119 392 1176 417 σοι
1190 379 1446 430 παρακείμενα
1458 380 1585 431 φέρων,
1599 380 1718 430 ἐκείνῳ
1730 385 1900 434 παρατέ-

637 429 778 482 θεικεν)
793 431 852 470 Sic
864 430 1094 483 distinguunt
1109 430 1336 470 Bafileenses
1348 432 1389 470 δι
1409 431 1697 481 Salmurienses,
1711 433 1779 473 nifi
1791 435 1900 487 qudd

638 483 692 521 illi
706 485 820 523 etiam
838 483 1064 535 distinguant
1078 483 1164 536 post
1175 497 1315 524 vocem
1327 483 1637 524 stamvofxertit
1649 498 1780 526 autem
1794 486 1903 528 Eras-

638 550 741 582 mus,
755 549 793 575 ut
799 540 837 589 fi
843 543 978 589 quando
992 539 1070 588 defit
1080 538 1176 586 alibi,
1191 538 1331 590 mimsser
1349 551 1475 591 repente
1494 551 1525 577 te
1549 539 1745 592 inspet‘lante
1759 540 1901 592 submo-

637 604 721 629 vens
735 606 787 636 ea,
803 606 886 642 quae
899 591 956 629 tibi
968 603 1063 630 erant
1074 593 1239 643 apposita,
1254 592 1335 629 aliis
1352 602 1512 644 apponat.
1524 591 1644 631 Etiam
1658 593 1900 644 Benedictus,

631 646 811 696 siquando
827 646 904 695 α’ςῙὶι
920 645 999 689 alii,
1018 658 1143 696 repente
1161 645 1303 696 mimsser
1315 656 1346 682 te
1354 644 1525 695 praefinte
1541 646 1662 684 tollens
1675 662 1735 693 ea,
1748 662 1834 700 quae
1855 649 1902 686 εἰ·

639 697 674 735 bi
693 709 786 735 erant
799 699 970 750 appofita‚
985 697 1013 735 εἱ
1027 699 1177 750 apponit.
1195 697 1297 749 Quis
1317 709 1450 750 neget,
1470 709 1604 738 acutos
1619 699 1682 739 hic
1695 698 1802 739 fuiffe
1815 700 1901 741 illos

639 751 773 796 viros,
788 753 853 802 qui
875 751 1051 790 viderunt
1064 781 1076 798 ,
1098 749 1126 789 fi
1149 749 1224 789 istis
1246 750 1371 803 aliqua
1391 750 1560 803 apposita
1582 761 1690 791 erant
1713 753 1877 794 tollenda
1886 785 1902 802 ,

639 804 776 842 debere
787 804 869 842 tolli
880 804 955 843 istis
966 802 1221 856 praesentibus
1233 805 1295 843 vel
1308 803 1624 857 inspthantibus?
1636 805 1692 843 At
1703 805 1819 859 longe
1829 808 1902 847 alia

639 869 750 896 mens
763 858 931 896 Luciani.
948 858 1008 896 Ne
1019 857 1138 896 dicam
1157 856 1307 896 fatuum
1320 858 1411 905 effe,
1425 869 1467 896 ut
1481 857 1573 898 illud
1583 858 1646 898 ἐπὶ
1660 860 1839 910 παρόντος
1851 860 1904 902 fic

639 923 689 949 ex
695 911 904 962 plicetur.V
910 909 1070 949 eriffirne
1083 911 1233 949 notavit
1246 922 1368 963 pater,
1378 908 1599 950 mutandam
1610 910 1902 964 distinctionem,

640 963 968 1016 scribendumque,
979 967 1015 1003 ὴν
1023 962 1332 1009 ἑπιλίποι,ἆ’,λλου
1340 967 1434 1003 τινος
1442 964 1626 1013 dionesie-15
1634 965 1903 1018 ἐπιπαρόντος,

639 1017 822 1067 ἀράμενος
837 1016 852 1055 ὃ
869 1016 1036 1056 ἓιάκονος
1051 1016 1101 1055 τά
1120 1031 1176 1056 σοι
1197 1019 1454 1070 παρακείμενα
1465 1047 1475 1064 ,
1489 1019 1602 1070 φέρων
1617 1018 1739 1067 ἐκείνῳ
1751 1032 1899 1072 παρατ.

642 1071 733 1109 Hoc
747 1071 861 1122 est‚fi
870 1072 952 1123 quid
961 1073 1051 1122 defit,
1065 1071 1132 1109 alio
1146 1073 1290 1122 quodam
1305 1081 1430 1123 repente
1436 1071 1700 1123 superveniente,
1710 1073 1829 1112 tollens
1839 1073 1904 1112 mi-

641 1125 739 1174 nister
751 1125 809 1162 tibi
819 1127 970 1177 apptfita
980 1154 994 1170 ‚
1003 1123 1115 1174 ferens
1125 1124 1176 1162 illi
1189 1124 1367 1176 apposuit,
1383 1125 1430 1163 ab
1445 1126 1675 1175 ἐπιπέιρειμι.
1693 1125 1839 1166 GRON.

696 1184 768 1216 cad.
783 1178 806 1216 l.
818 1192 855 1227 7.
867 1177 1147 1230 Ἐπιπαρὸντος)
1161 1178 1222 1217 Sic
1233 1190 1315 1216 uno
1326 1179 1448 1217 verbo
1460 1178 1643 1217 edidimus
1653 1207 1664 1224 ,
1687 1178 1806 1219 secuti
1816 1191 1906 1220 acu·

641 1230 818 1269 tiflimam
828 1230 935 1269 fimul
948 1230 989 1269 &
1000 1230 1235 1269 certissimam
1248 1230 1445 1270 Gronovii
1457 1231 1775 1279 emendationem,
1785 1246 1903 1285 quam

643 1285 759 1323 etiam
773 1298 794 1323 a
807 1284 1058 1324 Constantino
1070 1285 1106 1322 in
1118 1285 1260 1323 Lexico
1273 1283 1416 1331 visam,
1432 1283 1498 1323 nisi
1509 1284 1608 1324 forte
1619 1298 1669 1324 ex
1679 1285 1824 1326 Codice
1836 1288 1904 1326 ha·

583 1358 616 1369 ..
642 1339 731 1377 beat
740 1368 753 1384 ,
767 1339 938 1377 invenio.
952 1337 1066 1377 Certe
1079 1338 1117 1376 in
1130 1339 1200 1377 W.
1215 1339 1255 1376 δι
1266 1337 1305 1377 Ρ.
1326 1339 1427 1378 reete
1440 1338 1675 1378 coniunfflm
1688 1339 1842 1392 legitur.
1857 1340 1910 1379 In-

643 1392 825 1431 omnibus
837 1392 917 1430 aliis
929 1391 1062 1430 nostris
1081 1391 1184 1430 libris
1202 1390 1347 1430 divisim
1362 1391 1424 1430 ἐπὶ
1437 1390 1619 1443 παρόντος
1631 1392 1782 1445 legitur,
1797 1393 1904 1446 quod
1952 1398 1957 1402 '

643 1446 734 1509 §uid
745 1445 788 1484 stt
801 1475 812 1493 ‚
826 1458 941 1484 nemo
954 1444 1148 1497 intelligat.
1161 1445 1210 1484 V.
1227 1450 1356 1496 Συμπ.
1369 1458 1451 1499 cap.
1472 1458 1522 1484 20
1532 1474 1543 1493 ,
1558 1445 1622 1485 ubi
1636 1446 1773 1486 iterum
1786 1446 1904 1487 habet

643 1501 849 1551 ἐπιπαρών.
862 1499 1020 1538 SOLAN.

697 1555 770 1590 ead.
784 1554 808 1590 l.
825 1554 861 1591 8.
872 1551 959 1602 Ἡμέ
964 1565 1062 1603 τερος
1074 1546 1124 1599 εἶ)
1138 1552 1259 1604 Noster
1269 1565 1315 1590 es.
1327 1563 1364 1590 tu
1374 1567 1390 1590 e
1401 1553 1499 1592 domo
1509 1568 1544 1591 es
1551 1551 1746 1604 acficmilia.
1761 1553 1902 1594 BROD.

697 1608 770 1645 ead.
784 1606 805 1644 l.
821 1606 906 1658 9541
924 1605 1029 1658 συὸς)
1047 1607 1128 1644 Aue
1138 1606 1223 1658 apri.
1236 1605 1375 1644 BROD.
1499 1606 1501 1608 ’

700 1660 778 1698 ibid.
796 1661 889 1698 Συος
901 1657 1183 1711 ὑπογαστρίου)
1197 1659 1328 1708 Verba
1343 1658 1439 1697 mihi
1451 1657 1624 1698 obscura.
1640 1658 1738 1699 Illud
1749 1660 1903 1713 quidem

646 1712 789 1765 liquet,
801 1709 1060 1764 ὑπογάστριον
1073 1711 1300 1751 substantive
1320 1712 1380 1751 hic
1398 1725 1479 1751 non
1499 1713 1582 1765 capi
1601 1725 1674 1766 pro
1687 1715 1820 1764 fiamine
1839 1714 1905 1754 vel

645 1767 842 1812 abdomine,
858 1778 946 1805 cum
966 1765 1032 1804 fiat
1044 1764 1180 1804 offium
1193 1766 1362 1805 mentio:
1380 1776 1509 1806 utrum
1529 1778 1626 1805 vero
1644 1762 1906 1819 ὑπογάστρια·

645 1818 715 1858 σῦς
728 1819 772 1858 fit
778 1820 944 1873 porcellus
949 1819 1136 1870 subruatis,
1151 1820 1271 1857 labletzs
1281 1834 1297 1866 ,-
1312 1831 1375 1866 an,
1391 1821 1496 1872 quod
1509 1818 1604 1859 Eras
1600 1832 1664 1860 mo
1681 1820 1835 1873 placuit,
1839 1821 1905 1872 fits
1928 1855 1932 1858 .

639 1872 738 1924 fheta
747 1874 791 1926 3(
805 1873 846 1912 δι
857 1872 992 1912 scimus
1002 1874 1140 1912 vulvam
1153 1873 1322 1926 inprimis
1335 1875 1535 1925 probatam
1546 1873 1741 1926 eieelitiam)
1760 1874 1834 1913 iam
1848 1875 1907 1914 de-

645 1926 755 1966 finire
769 1939 850 1966 non
863 1927 1005 1966 audeo:
1024 1928 1126 1979 prius
1136 1925 1294 1979 expreffi
1308 1926 1497 1974 versione,
1513 1939 1602 1967 cum
1615 1927 1815 1980 analogiae
1825 1929 1910 1982 epi-

646 1981 739 2020 theti
753 1980 850 2020 illius
861 1981 984 2033 magis
996 1981 1216 2020 conveniat.
1232 1980 1356 2020 GEsN.
1515 2026 1519 2029 ¹
1645 2012 1650 2020 .

701 2035 773 2073 ead.
786 2036 810 2073 l.
828 2048 842 2072 1
854 2049 868 2072 1
878 2030 1026 2086 Ellam)
1045 2034 1120 2073 Tibi
1124 2033 1295 2085 faventem
1306 2050 1347 2073 ac
1353 2033 1546 2086 propitium.
1560 2033 1701 2073 BROD·

700 2088 779 2126 ibid.
790 2086 914 2126 Ὀστᾶ
926 2100 1057 2127 κεκαλ.
1071 2101 1106 2125 τ.
1121 2087 1186 2140 π.)
1198 2087 1463 2140 V.Theogon.
1474 2086 1630 2126 Hefiod.
1645 2100 1730 2139 54¹·
1745 2086 1906 2128 SOLAN.'

702 2144 774 2180 ead.
787 2142 810 2180 l.
825 2154 884 2194 15.
896 2140 965 2180 Τὴν
979 2155 1029 2193 χ.
1043 2140 1059 2193 )
1072 2141 1171 2180 Nam
1183 2142 1368 2181 modicam
1379 2153 1448 2180 eos
1462 2140 1601 2180 habere
1612 2141 1741 2193 liquet.
1762 2141 1902 2181 BROD.

703 2196 794 2248 Pag.
808 2209 828 2234 2
838 2208 895 2245 50.
909 2195 932 2233 l.
951 2210 984 2234 2.
1000 2194 1215 2246 Θεραπεὺων
1227 2195 1286 2233 ἀεὶ
1299 2197 1332 2234 ἐν
1349 2194 1497 2247 ἀργύρῳ
1511 2195 1530 2234 ii
1541 2195 1671 2247 χρυσῷ
1684 2195 1821 2248 πίνων)
1833 2195 1908 2234 Le·

648 2249 813 2301 gendum
828 2248 880 2287 est
893 2247 1026 2301 χρυσῷ
1037 2250 1165 2294 πίνειν,
1180 2259 1221 2287 ut
1231 2248 1329 2287 bene
1340 2248 1386 2286 ad
1401 2250 1609 2299 θεραπεύων
1622 2247 1819 2287 referatur.
1831 2248 1908 2288 Ce-

650 2314 773 2341 terum
788 2315 837 2341 ex
858 2302 933 2341 hoc
949 2301 1106 2341 Luciani
1127 2302 1218 2340 loco
1230 2301 1436 2353 colligitur,
1450 2303 1523 2340 iam
1537 2313 1586 2340 eo
1597 2312 1772 2353 tempore
1782 2301 1908 2341 vitrum

649 2355 757 2395 fuisse
778 2357 814 2393 in
834 2355 903 2394 usu
916 2386 927 2403 ,
940 2356 1003 2395 vel
1021 2353 1262 2407 crystallum,
1277 2354 1337 2394 sed
1356 2355 1471 2394 credo
1486 2355 1613 2407 potius
1633 2355 1799 2393 vitrum:
1817 2367 1907 2393 nam

650 2408 866 2459 crystallina
887 2409 1025 2461 pocula
1039 2408 1264 2462 pretiosiora
1279 2419 1386 2447 erant
1396 2438 1406 2454 ,
1422 2421 1537 2460 quam
1551 2419 1594 2448 ut
1611 2407 1814 2447 Graeculis
1825 2408 1908 2447 dari

650 2461 833 2508 solerent,
851 2475 983 2501 aurum
1001 2462 1041 2501 &
1062 2474 1258 2514 argentum
1278 2463 1380 2501 enim
1397 2463 1520 2500 vilius.
1535 2461 1637 2514 Ergo
1651 2473 1693 2500 ut
1708 2473 1789 2501 non
1804 2460 1909 2500 bibe-

651 2527 735 2556 rent
747 2516 851 2558 vitro
863 2515 1122 2570 transparente
1130 2546 1142 2567 ‚
1158 2517 1197 2556 in
1211 2528 1291 2570 quo
1303 2516 1473 2556 illaudati
1486 2517 1566 2558 vini
1577 2515 1688 2558 color
1696 2514 1907 2570 deprehen-
