2015 3490
625 269 715 315 570
819 211 1691 294 ANNo'TA‘rioNEs

620 338 741 378 masio
759 336 1118 384 memoratur,Plin.
1138 336 1274 377 Exere.
1293 350 1332 390 p.
1347 336 1434 387 267.
1449 336 1589 390 Spanh.
1602 348 1730 377 autem
1751 352 1787 391 p.
1802 343 1889 389 24²²

618 403 748 431 novae
762 392 819 430 ed.
830 391 876 430 de
887 391 971 431 Usu
985 392 1027 430 &
1037 390 1169 443 praest.
1184 403 1288 430 num.
1303 390 1378 430 Pro
1392 391 1518 443 priore
1531 389 1718 440 Palmerii,
1731 405 1822 445 qua,
1836 404 1880 432 ut

621 457 671 483 ex
681 444 890 484 Bochardo
903 455 1019 497 pater,
1031 444 1184 497 κυνάρια
1196 444 1427 496 reponebat,
1442 443 1530 484 facit
1544 443 1652 484 locus
1664 445 1758 484 Plut.
1771 446 1881 485 initio

621 499 726 537 vitae
745 498 914 545 Periclis,
930 512 967 550 p.
986 511 1080 547 277:
1095 501 1224 537 Ξένους
1243 500 1352 537 τινας
1368 498 1402 536 ἐν
1421 496 1533 547 Ῥώμῃ
1551 498 1752 538 πλουσίους
1773 498 1883 539 κυνῶν

619 554 735 589 τέκνα
745 552 810 589 καὶ
820 550 975 591 πιθήκων
987 552 1021 590 ἐν
1034 549 1111 590 τοῖς
1125 551 1284 591 κόλποις
1294 551 1550 602 περιφέροντας
1561 551 1625 589 καὶ
1637 551 1882 616 ἀγαπῶντας

623 604 736 643 ὶὲὼνό
750 604 910 656 Καῖσαρ,
923 600 971 644 ὦς
983 603 1109 650 ἔοικεν,
1122 602 1313 657 ἦρώτησεν,
1327 604 1357 643 εἰ
1372 603 1516 643 wratislai.
1529 605 1622 656 παρ’
1634 605 1763 645 αυτοῖς
1777 602 1816 644 οὗ
1828 606 1889 643 τί-

621 672 770 697 κτουσιν
790 657 831 698 αἱ
842 658 1040 712 ’γυναῖκες
1058 658 1224 710 Κόλουρις
1241 657 1344 711 apud
1360 658 1524 698 eundem
1537 657 1779 698 Plutarchum
1793 658 1885 711 legi.

619 723 685 750 tur
699 712 738 751 in
754 710 969 764 fragmento
981 711 1269 752 Timocreontis
1283 711 1414 763 Lyrici
1426 742 1437 758 ,
1451 711 1558 764 quod
1577 711 1615 750 in
1627 712 1891 753 Themistocle-

622 764 736 804 affert
749 779 819 818 223
833 766 877 805 B.
891 766 936 805 de
948 765 1068 817 vulpe
1080 765 1222 805 dietum
1232 797 1244 813 ,
1257 766 1321 805 cui
1333 775 1527 817 amputata
1540 765 1662 804 cauda
1680 764 1746 805 est.
1758 766 1860 805 Vide
1871 795 1886 813 ,

622 831 672 857 an
687 820 749 858 hic
763 820 927 871 κώλουρα
942 819 1144 871 legendum
1155 818 1199 858 sit
1209 849 1222 865 ,
1234 819 1341 872 quod
1353 819 1488 858 eodem
1501 817 1608 858 sensu
1621 819 1666 858 de
1680 819 1818 871 quavis
1826 819 1886 859 be-

621 872 693 912 stia
702 873 848 912 dicitur.
863 873 1020 913 SOLAN.
1038 872 1143 912 Cum
1156 873 1299 925 aliquid
1316 884 1444 912 tamen
1461 872 1624 912 dandum
1642 871 1732 912 effet
1746 873 1783 912 in
1800 885 1888 912 ver-

621 926 745 973 sione,
756 926 863 979 quod
874 925 1118 979 responderet
1129 925 1204 965 τοῖς
1216 926 1437 978 κουραλίοις,
1445 926 1484 964 in
1495 935 1602 964 tanta
1612 924 1890 965 sententiarum

621 979 842 1019 diversitate
865 980 1007 1031 placuit
1029 979 1070 1020 δι
1091 980 1202 1020 nobis
1221 980 1360 1033 aliquid
1379 980 1543 1027 audere,
1564 979 1604 1018 δι
1622 992 1766 1031 ponere
1790 981 1891 1019 inte-

622 1035 694 1073 rim
707 1064 718 1079 ,
738 1034 844 1087 quasi
865 1034 1054 1087 legeretur
1075 1034 1319 1085 σκιουρέιλια,
1342 1034 1447 1086 quod
1470 1046 1493 1072 a
1517 1033 1680 1073 distante
1702 1045 1782 1073 non
1803 1032 1896 1074 satis

624 1086 745 1139 preffe
753 1089 1042 1140 pronuntiatum
1054 1087 1092 1125 in
1103 1090 1280 1140 κουραλια
1289 1087 1447 1127 mutaffe
1457 1087 1634 1126 librarius
1643 1087 1776 1139 potest.
1785 1086 1892 1127 Sciu-

624 1143 658 1179 ri
671 1151 774 1182 certe
786 1142 899 1181 hodie
915 1142 955 1180 in
970 1141 1109 1182 deliciis
1120 1141 1382 1194 quorundam:
1398 1141 1439 1180 δι
1453 1139 1562 1179 fuiffe
1581 1140 1672 1180 olim
1689 1140 1752 1180 vel
1772 1141 1894 1180 maxi.

626 1208 688 1234 me
701 1195 901 1242 amabiles,
915 1204 1073 1248 apparet
1085 1208 1135 1234 ex
1155 1195 1339 1234 Martialis
1351 1196 1405 1241 V,
1421 1193 1481 1248 38.
1496 1193 1624 1235 GESN.
1640 1194 1748 1247 Quia
1767 1195 1893 1234 varia·
1907 1229 1910 1232 .
1929 1200 1942 1214 ,⁷

623 1252 772 1288 tionem
786 1261 914 1302 neque
925 1250 963 1287 in
979 1248 1100 1288 Codd.
1116 1261 1241 1302 neque
1254 1249 1292 1287 in
1305 1249 1386 1288 edd.
1399 1249 1570 1300 reperio,
1585 1249 1780 1300 vulgatam
1796 1249 1893 1288 inta-

624 1302 724 1341 &am
737 1303 926 1356 relinquo.
941 1304 1067 1342 Unam
1081 1303 1193 1342 unius
1205 1303 1334 1342 literae
1345 1302 1599 1341 variationem
1612 1301 1708 1342 lens.
1721 1303 1759 1341 in
1771 1301 1896 1341 fercu-

625 1358 667 1395 lo
680 1356 775 1395 liter.
790 1370 839 1397 ex
851 1356 1061 1396 Cod.Wit.
1077 1357 1254 1403 notavit,
1275 1357 1343 1410 qui
1362 1355 1516 1395 exhibet
1535 1356 1762 1407 κουράλλια,
1785 1356 1897 1408 quod

627 1411 806 1463 proxime
821 1410 867 1449 ad
886 1409 1177 1462 Hesychianum
1198 1410 1413 1461 κωρέιλλιον,
1433 1408 1647 1461 omis-diptota,
1668 1410 1831 1457 accedit,
1853 1410 1895 1449 &

627 1477 716 1503 cum
738 1464 799 1503 alii
814 1465 889 1503 iam
904 1465 1009 1502 nimii
1027 1463 1167 1503 fuerint
1182 1464 1221 1502 in
1233 1464 1360 1504 verbis
1378 1463 1436 1502 his
1450 1462 1738 1516 investigandis,
1756 1463 1797 1502 δι
1808 1476 1896 1503 cor·

626 1519 811 1570 figendis,
827 1518 992 1558 verbum
1008 1531 1087 1557 non
1100 1518 1265 1572 amplius
1276 1517 1422 1556 addam.
1436 1517 1583 1556 RErrz.

682 1574 754 1610 ead.
766 1573 790 1610 l.
806 1572 942 1622 9.”Ανω
956 1570 1023 1610 τοῦ
1041 1570 1246 1624 ποταμοῦ)
1266 1570 1405 1610 Erasm.
1422 1571 1460 1609 in
1483 1570 1718 1624 proverbio,
1731 1567 1806 1609 ἄνω
1826 1585 1896 1609 πο..

628 1625 773 1675 γαμῶν.
786 1626 926 1666 BROD.
938 1626 1029 1664 Vid.
1047 1631 1148 1676 Νεκρ.
1161 1634 1208 1665 Δ.
1218 1626 1289 1665 VI.
1306 1626 1353 1664 Et
1374 1625 1503 1678 Eurip.
1521 1624 1622 1663 Med„
1640 1637 1730 1673 4¹0·
1748 1623 1791 1663 In
1805 1637 1897 1676 pro-

628 1681 808 1718 verbium
829 1681 973 1719 abierat
986 1710 994 1726 ‚
1008 1693 1089 1732 quo
1110 1680 1239 1719 omnia
1253 1679 1402 1718 inversa
1422 1677 1694 1730 significabant.
1717 1677 1780 1718 Sic
1792 1678 1899 1731 apud

630 1733 749 1785 Diog.
762 1734 887 1774 Laert.
904 1747 994 1773 cum
1011 1735 1153 1773 ementi
1165 1732 1201 1773 se
1213 1733 1413 1786 Diogenes
1422 1732 1600 1784 Cynicus
1614 1730 1758 1771 dixiffet
1770 1761 1781 1777 ‚
1796 1734 1896 1792 Age,
1945 1744 1947 1746 ¹

624 1786 691 1838 sizc
701 1790 755 1839 fis
772 1789 857 1826 difflo
880 1788 1022 1826 audiens
1033 1803 1050 1835 ;
1065 1788 1179 1828 herus
1202 1786 1404 1839 respondet
1415 1816 1426 1831 ,
1442 1785 1515 1825 ἄνω
1531 1784 1715 1835 ποταμῶν
1731 1799 1897 1836 χωρουσι

630 1841 780 1893 παγαί.
799 1842 872 1890 146
884 1841 932 1882 C.
953 1840 1110 1881 Sor-AN.
1127 1840 1238 1893 Quid
1257 1839 1289 1879 si
1306 1840 1439 1880 melius
1455 1839 1499 1879 sit
1511 1838 1584 1878 ἅνω
1599 1839 1686 1878 τοὺς
1698 1838 1897 1893 ποταμοὺς

631 1894 767 1948 χωρεῖν
779 1896 843 1935 vel
856 1898 918 1935 τὸν
932 1896 1125 1945 ποταμόνς
1142 1897 1273 1947 neq'ue
1283 1894 1385 1934 enim
1405 1894 1548 1933 mirum
1564 1893 1618 1933 est
1628 1924 1638 1942 ‚
1657 1892 1820 1945 aliquem
1832 1893 1899 1932 ad-

632 1948 747 1989 verso
763 1950 921 1989 flumine
935 1949 1008 1996 ire;
1024 1948 1084 1988 sed
1097 1948 1217 2000 ipsum
1235 1948 1378 1988 flumen
1391 1958 1495 1988 retro
1508 1948 1563 1986 ire
1581 1947 1629 1986 ad
1647 1945 1776 1986 fontes
1786 1945 1897 1994 suos,

633 2004 775 2042 mirum
797 2003 919 2043 fuerit.
940 2002 1168 2043 GESN.''Avc·›
1179 2001 1264 2041 τοὺς
1274 2000 1472 2051 ποταμοὺς
1482 2012 1631 2054 praeter
1645 2001 1685 2040 L.
1699 2001 1815 2040 etiam
1828 1999 1901 2040 Ms.

634 2057 734 2109 Reg.
746 2070 815 2111 301
828 2072 862 2106 1,
876 2057 1064 2110 probante
1083 2057 1125 2097 B.
1142 2056 1187 2095 de
1200 2056 1295 2096 Ball.
1884 2055 1891 2064 '

691 2115 763 2149 ead.
778 2112 800 2149 l.
819 2124 878 2150 10.
890 2110 959 2150 Καὶ
972 2109 1220 2163 maiman)
1233 2108 1373 2150 Erasm.
1383 2109 1422 2148 in
1434 2108 1574 2162 adagio
1585 2138 1597 2155 ,
1615 2108 1834 2147 palinodiam
1845 2123 1900 2148 ca-

636 2181 721 2204 nere.
737 2165 876 2204 BROD.
1739 2170 1741 2173 ’
1766 2162 1775 2171 ‘

692 2221 765 2257 ead.
779 2220 802 2259 l.
824 2233 838 2257 1
849 2234 864 2258 1
874 2250 882 2258 .
895 2216 985 2270 Οὗχ
998 2215 1091 2269 ὑπὲρ
1102 2216 1271 2270 Ἑλένης)
1281 2216 1483 2256 Stesichori
1496 2220 1635 2270 poetae
1653 2215 1762 2267 lyrici
1775 2227 1903 2255 exem·

639 2272 719 2325 plo.
732 2273 872 2314 BRon.
886 2271 1090 2314 Stesichori
1104 2272 1294 2324 palinodia
1305 2271 1350 2311 de
1364 2271 1524 2310 Helena.
1537 2270 1702 2311 Gnissi.
1715 2268 1833 2309 Conf.
1845 2268 1904 2308 su·

641 2339 710 2378 pra
726 2331 840 2368 Μισῦ.
860 2340 892 2367 c.
913 2340 926 2365 ι
939 2341 970 2366 1·.
992 2327 1147 2366 SOLAN.
1164 2326 1219 2366 Ut
1237 2324 1492 2371 Stesichorus,
1515 2325 1700 2364 caecitate
1720 2323 1876 2376 punitus
1890 2353 1905 2371 ,

640 2381 745 2431 quod
757 2380 1000 2420 maledixisset
1014 2380 1194 2419 Helenae.
1210 2379 1281 2419 Sed
1291 2378 1466 2432 exposuit
1477 2379 1606 2417 omnia
1617 2376 1756 2417 Erasm.
1772 2376 1901 2417 GESN.

693 2437 767 2473 ead.
781 2436 803 2473 l.
823 2449 835 2473 1
847 2449 879 2474 2.
890 2435 1000 2484 Ἰλίῳ)
1014 2434 1158 2487 Tangit
1168 2434 1204 2471 in
1215 2432 1341 2472 Piscat.
1355 2433 1445 2472 &in
1455 2431 1866 2484 Pseudolog.B011RD.

696 2491 769 2528 ead.
781 2489 802 2527 l.
820 2503 877 2537 14.
891 2492 982 2539 Hpbs
994 2487 1147 2541 ἑαυτῠν)
1165 2487 1209 2526 In
1231 2489 1390 2526 σεαυτὸν
1408 2497 1617 2533 mutarem,
1639 2483 1707 2524 nisi
1725 2484 1765 2523 δι
1778 2497 1800 2523 a
1815 2484 1904 2524 No-
1955 2487 1959 2510 ἵ

643 2541 721 2583 stro
734 2543 819 2582 alibi
836 2544 876 2589 ὃς
891 2543 938 2582 ab
953 2542 1094 2582 aliisita
1108 2541 1279 2594 usurpari
1291 2539 1421 2594 paffirn
1433 2552 1640 2581 cernerem.
1652 2538 1809 2580 Soror,
