2015 3490
602 258 693 307 sm
793 205 1674 289 ANNOffATIONES

597 331 708 369 deam
723 328 917 382 scripserat
933 329 1150 382 Euripides,
1163 340 1208 369 ut
1221 328 1328 383 saepe
1341 330 1511 383 duplices
1523 330 1608 371 sunt
1620 321 1795 372 veterum
1812 326 1868 373 fa—

598 383 725 430 bulae,
736 394 801 422 aur
814 396 863 422 ex
875 383 1028 422 alterius
1041 383 1228 437 Euripidis
1239 384 1378 423 Medea
1389 383 1435 423 fit
1445 386 1702 436 oportet.Vid.
1715 396 1796 426 not.
1809 387 1870 426 ed.

598 436 761 476 Graevii
778 436 824 475 ad
842 449 926 476 eam
950 435 1173 489 Epistolam.
1189 437 1292 476 Citat
1315 437 1356 476 &
1374 437 1471 476 Plut.
1492 440 1608 489 2067,
1629 438 1689 478 sed
1704 437 1784 478 fine
1797 452 1870 479 no*

600 490 706 529 mine
718 504 730 537 3
750 490 791 529 δι
811 504 921 543 1275.
940 489 985 528 In
1005 489 1134 530 Grotii
1149 490 1359 543 Florilegio
1374 491 1471 530 inter
1493 493 1636 532 incerta
1660 493 1815 545 ponitur
1830 507 1868 545 p.
1935 494 1938 497 “

603 557 648 582 21
659 573 667 581 .
676 543 787 582 Adde
796 542 1017 583 Barnefium
1029 544 1074 582 ad
1088 558 1128 583 v.
1142 558 1185 593 25
1199 557 1214 594 5
1227 543 1364 584 Incert.
1378 545 1505 595 Eurip.
1519 547 1585 598 qui
1598 557 1724 585 tamen
1734 546 1872 586 Viaoe

597 597 700 635 rium
721 609 800 636 non
812 597 967 636 videtur
984 595 1126 636 vidisse.
1139 597 1296 637 SOLAN.
1311 597 1395 637 Cic.
1411 599 1457 637 ad
1477 598 1703 638 Trebatium
1718 598 1810 638 fam.
1827 613 1868 648 7,

600 651 646 690 6:
664 651 737 700 Qui
751 649 891 703 ipfi’fibi
897 650 1036 703 fhpt‘ens
1042 650 1191 703 procleffi
1202 666 1269 690 non
1286 651 1373 703 quit,
1385 652 1605 704 nequidquam
1612 651 1721 705 [sapit.
1735 652 1866 693 GESN.

628 705 730 796 όεὲά.
742 704 765 742 l.
785 718 801 742 1
812 717 827 742 1
836 733 845 743 .
858 703 1076 757 Τρωγιιιοῖς)
1087 704 1204 744 Conf.
1220 703 1319 758 supr.
1332 708 1464 744 Μενιπ.
1479 705 1561 745 five
1573 706 1770 758 Necyom.
1784 719 1869 760 cap.

606 769 620 794 1
655 785 662 794 .
707 767 838 796 oLAN.

655 813 728 850 ead.
744 811 767 849 l.
788 825 848 860 14.
862 806 1011 862 Πῶλος)
1023 809 1111 850 Vid.
1123 808 1236 862 supra
1248 810 1445 862 Necyom.
1460 824 1494 851 c.
1514 813 1571 851 16.
1585 811 1742 852 SOLAN.

653 866 728 902 ead.
744 865 768 903 l.
783 878 798 903 1
812 877 844 915 5.
857 863 1126 904 Ἐκπίπτοντες
1138 863 1211 916 ἑὲ)
1227 866 1354 903 Εκαὲἶί
1363 896 1374 913 ,
1387 866 1529 917 expulffi
1545 866 1686 904 BROD.
1705 867 1744 905 in
1757 864 1865 906 Misc.

599 917 712 957 nimis
724 917 796 957 iam
809 917 981 958 adduffis
992 947 1005 963 ‚
1019 917 1071 956 ita
1083 917 1235 957 exhibet
1246 918 1291 957 Σὲ
1305 931 1377 971 pro
1390 920 1464 958 καί.
1479 919 1552 959 Sed
1564 931 1672 960 error
1685 919 1870 974 typothe-

600 972 700 1010 ticus
713 970 787 1010 effe
806 970 940 1024 potest.
957 971 1104 1011 Rmz.

659 1028 733 1063 ead.
749 1026 773 1064 l.
790 1038 804 1062 1
812 1024 849 1063 6.
863 1025 1164 1077 Μωστιγοὺμενοι
1175 1023 1193 1077 )
1203 1025 1294 1064 Vid.
1309 1024 1420 1079 supra
1433 1026 1574 1065 Reviv.
1589 1039 1624 1067 c.
1640 1039 1697 1080 33.
1710 1026 1869 1066 SOLAN.

657 1076 749 1128 Pag.
765 1092 852 1126 274.
865 1080 891 1117 l.
912 1091 927 1116 1
937 1108 945 1116 .
961 1079 1018 1125 Τῷ
1033 1078 1175 1131 θεάτρῳ
1187 1078 1204 1131 )
1218 1079 1298 1119 Τοῖς
1313 1081 1486 1122 ἑᾶειειπιῐε·ζ
1498 1079 1546 1130 τῇ
1559 1085 1673 1120 πάνυ.
1690 1082 1870 1134 Nobiliffi-

603 1148 675 1171 mae
687 1132 737 1171 illi
755 1133 960 1182 Cleopatrae.
978 1132 1118 1171 BROD.

658 1186 738 1279 ὶὸὶέ.
750 1184 932 1238 Πιθίικου)
946 1185 1069 1239 Supra
1079 1197 1239 1239 quoque
1252 1198 1335 1226 non
1351 1185 1487 1236 semel,
1504 1198 1548 1227 ut
1563 1186 1708 1228 Reviv.
1722 1199 1806 1240 cap.
1822 1187 1872 1240 36

605 1241 682 1280 &c.
738 1250 845 1279 ΕΠΖ.

659 1297 732 1333 ead.
746 1294 768 1332 l.
781 1293 816 1333 6.
834 1292 1085 1344 Συγκείμενον
1099 1291 1118 1345 )
1131 1289 1204 1332 Ms.
1223 1294 1527 1346 συγκινούμενον.
1543 1295 1714 1335 BOURD.
1730 1294 1872 1334 Fuerat

605 1349 646 1386 in
660 1348 715 1386 M.
729 1347 870 1400 aliquid
881 1348 980 1386 aliud
989 1377 1001 1393 ‚
1015 1360 1096 1400 quo
1109 1345 1216 1387 eraso
1229 1348 1321 1387 haec
1336 1361 1419 1388 vox
1433 1347 1697 1401 superinduaa
1709 1349 1772 1388 est.
1787 1349 1872 1400 Ego

608 1400 891 1454 συγκινούμενον
907 1400 1087 1454 scriptum
1109 1399 1216 1441 fuiffe
1236 1400 1410 1441 existimo
1420 1432 1432 1450 ,
1446 1413 1492 1441 ut
1514 1402 1566 1442 est
1587 1403 1626 1441 in
1647 1402 1718 1442 Ms.
1738 1403 1782 1442 B.
1795 1402 1874 1442 So-

607 1466 707 1494 LAN.
722 1454 797 1494 Etfi
806 1468 886 1506 συγ
892 1455 1048 1504 κείμενον
1061 1455 1192 1507 aliquo
1203 1455 1323 1494 modo
1335 1455 1477 1508 exponi
1488 1467 1617 1508 queat,
1627 1469 1671 1497 ut
1680 1457 1874 1507 convenien-

607 1510 705 1556 tiam,
716 1507 941 1562 gestuumve
954 1507 1275 1561 compositionem
1287 1521 1375 1548 cum
1389 1510 1629 1550 cantantibus
1640 1510 1874 1551 convenien-

608 1574 686 1602 tem
703 1561 910 1616 fignificet3
929 1573 1056 1602 tamen
1074 1562 1188 1602 lefflo
1207 1561 1306 1602 Cod.
1324 1563 1368 1602 B.
1391 1563 1670 1616 συγκινούμενον
1687 1564 1783 1604 adeo
1801 1564 1873 1604 hac

607 1617 763 1656 videtur
776 1616 928 1662 melior,
941 1627 986 1656 ut
999 1629 1082 1656 eam
1095 1615 1158 1655 vel
1169 1616 1209 1655 in
1223 1627 1449 1656 contextum
1465 1618 1714 1670 recipiendam
1726 1627 1872 1671 putem,

610 1672 656 1710 δι
668 1670 865 1710 versiones
876 1671 949 1709 iam
962 1670 1054 1709 olim
1070 1671 1119 1709 ita
1131 1669 1216 1709 sunt
1229 1670 1488 1724 compositae,
1502 1681 1547 1711 ut
1569 1671 1645 1712 hoc
1666 1670 1789 1723 ipsum
1805 1683 1885 1711 ex·

608 1723 770 1775 preffiffe
786 1724 998 1763 videantur.
1011 1723 1129 1764 Conf.
1146 1722 1244 1762 infra
1258 1724 1303 1764 de
1319 1725 1407 1764 Salt.
1426 1738 1459 1764 c.
1478 1726 1528 1764 62
1550 1725 1590 1766 δι
1605 1725 1670 1774 80,
1687 1737 1789 1779 quae
1805 1725 1874 1765 So·

608 1779 718 1817 lanus
731 1779 770 1816 in
785 1791 903 1830 marg.
918 1777 1016 1817 lunt.
1028 1776 1260 1818 consulenda
1272 1789 1488 1818 monuerat.
1503 1778 1649 1827 REITZ.

663 1834 736 1870 ead.
750 1831 774 1870 l.
787 1826 1012 1884 14.”Ετεριι)
1031 1832 1147 1870 Aliud
1158 1831 1312 1883 clausum
1330 1833 1366 1870 in
1376 1835 1501 1885 peHore
1511 1861 1523 1878 ,
1545 1834 1647 1872 aliud
1651 1845 1817 1885 promtum
1833 1834 1872 1872 in

608 1886 727 1938 lingua
739 1887 865 1924 habere.
879 1885 1028 1925 Sallust.
1043 1887 1206 1924 VORST.
1220 1886 1338 1925 Hom.
1353 1886 1396 1926 Il.
1412 1892 1424 1925 1
1436 1917 1448 1934 ,
1467 1900 1553 1939 313·
1569 1887 1727 1927 δοῖ-ΑΝ.

664 1940 742 1978 ibid.
757 1937 888 1977 Κεὺθων
903 1941 948 1978 ἑνὶ
964 1939 1101 1992 φρεσὶ)
1117 1940 1236 1978 Hom.
1249 1939 1294 1978 Il.
1310 1940 1413 1984 1‚‘¹05
1429 1940 1478 1992 χ’
1493 1936 1609 1989 ἕτερον
1625 1939 1692 1992 μὲν
1703 1939 1814 1980 κεύθει
1825 1939 1874 1980 ἐνὶ

610 1994 748 2047 φρεσὶν,
764 1994 859 2031 ἀλλο
872 1992 918 2031 ἓὲ
929 1993 1026 2041 εἴπῃ.
1040 1993 1181 2033 BRoD.
1198 1991 1284 2045 (Sic
1298 1993 1380 2033 ille:
1399 1992 1460 2034 sed
1474 2006 1533 2045 ap.
1550 1995 1668 2034 Hom.
1683 1995 1788 2042 βάζει
1800 2006 1874 2047 pro

609 2048 696 2095 εἴπῃ
711 2047 813 2098 legas
822 2077 833 2094 ,
847 2048 953 2099 quod
965 2058 1091 2086 tamen
1100 2048 1163 2086 hic
1176 2047 1287 2099 parvi
1300 2046 1424 2087 refert.
1436 2047 1602 2097 Rnrz.)
1615 2048 1720 2089 Male
1736 2044 1889 2089 omnes'

613 2100 764 2140 newent-
782 2111 884 2152 patet
896 2112 956 2153 ap.
970 2101 1131 2140 Homer.
1151 2100 1193 2140 Il.
1209 2114 1246 2152 9.
1258 2101 1433 2141 BOURD.

666 2156 703 2193 in
716 2154 832 2193 Schol.
848 2154 910 2193 col.
926 2168 960 2193 1.
970 2156 994 2193 l.
1011 2168 1041 2192 1.
1054 2154 1301 2207 Ἀμὺγέαλον
1315 2154 1498 2207 κειμένην)
1512 2155 1579 2194 Ait
1592 2155 1803 2194 Lucianus:
1818 2167 1877 2194 re·

609 2207 671 2249 &e
689 2209 804 2261 igitur
816 2218 925 2247 notat
937 2208 1164 2248 Scholiastes
1183 2220 1227 2247 ut
1236 2221 1368 2248 rarum
1388 2209 1483 2261 quid
1492 2239 1504 2256 ‚
1519 2207 1688 2249 femineo
1702 2221 1840 2262 genere
1853 2206 1874 2250 ἦ
1921 2226 1923 2228 ·

613 2260 850 2313 ἀμύγὸοιλος
863 2262 937 2302 dici
950 2275 1021 2315 pro
1031 2260 1159 2302 fructu
1169 2292 1181 2309 ‚
1194 2262 1261 2315 qui
1275 2263 1396 2315 vulgo
1410 2264 1454 2300 τὶ)
1470 2261 1715 2316 ἀμύγὲοιλον,
1726 2262 1790 2302 vel
1801 2261 1877 2302 usi.

613 2316 726 2355 tatius
742 2313 760 2354 {a
777 2314 1016 2369 ἁμυγὸάλη,
1029 2326 1074 2356 ut
1086 2329 1145 2369 ap.
1161 2316 1356 2356 Pollucem
1370 2328 1449 2355 non
1465 2314 1589 2355 semel.
1604 2316 1748 2355 ΚΕΗ-Ζ.

611 2401 614 2404 ,
667 2371 758 2421 Pag.
773 2383 860 2420 275.
873 2371 896 2408 l.
914 2383 944 2410 1.
959 2370 1095 2410 Χείλεα.
1108 2370 1175 2419 -)
1189 2370 1308 2410 Hom.
1320 2370 1361 2409 11.
1376 2375 1423 2416 Χ,
1435 2383 1525 2423 495.
1536 2369 1626 2410 vid.
1639 2369 1751 2423 supra
1761 2369 1872 2409 Dial.

610 2423 781 2476 praeced.
794 2423 941 2462 Rfflrz.
1874 2438 1878 2446 ·

666 2480 741 2516 ead.
753 2477 775 2517 l.
789 2491 823 2530 3.
845 2476 1152 2530 Θρασυνέιμενος)
1167 2477 1226 2517 Sic
1240 2489 1399 2530 quoque
1414 2476 1452 2516 in
1467 2477 1559 2516 lunt.
1579 2476 1796 2529 legebatur3
1816 2474 1879 2516 sed

611 2531 778 2573 mutavit
797 2530 958 2571 Solanus
972 2532 1010 2570 in
1031 2531 1312 2584 θρασυνόμενος,
1326 2531 1430 2571 nulla
1448 2530 1674 2571 auftoritate
1690 2529 1789 2571 Cod.
1801 2541 1879 2570 nec
