2015 3490
319 258 423 304 IN
486 257 1147 310 APOLOGIAM.
1277 265 1360 331 581

104 345 321 400 probabile,
337 355 566 388 anemonem
583 350 628 388 ad
644 363 731 389 eum
750 350 1040 403 pulchritudinis
1053 353 1210 405 gradum
1228 356 1375 407 produ·¹

103 401 203 439 &tam
216 399 258 440 &
268 401 459 441 excultam
475 412 556 442 tum
570 402 679 442 fuiffe
691 435 702 451 ,
717 415 759 443 ut
779 405 903 444 hodie.
925 405 1036 457 Quia
1052 419 1176 446 tamen
1198 407 1293 459 ῥόδῳ
1308 421 1374 448 ex.

104 453 236 492 hibent
247 455 400 494 codices
411 456 452 494 L.
465 455 505 494 δι
516 457 586 494 W.
600 456 724 495 bonae
744 470 859 497 notae
870 488 883 504 ,
902 471 978 497 non
993 460 1134 499 damno
1148 461 1302 501 illorum
1319 463 1373 502 le-

102 505 293 555 &ionem3
308 520 396 547 cum
410 509 651 548 &interdum
671 510 732 549 illa
745 510 900 550 casuum
920 510 983 551 seu
997 512 1292 554 construstionis
1309 515 1373 554 in-'

106 558 235 599 versio
248 560 442 613 postremo
455 572 602 601 tantum
620 563 711 602 loco
724 563 805 603 fieri
819 564 924 604 solet.
937 565 1084 605 Rtrrz.
1202 568 1205 570 ’

158 615 232 652 ead.
245 615 268 652 Ι.
286 628 343 653 10.
357 617 436 653 Διὰ.
448 615 590 668 χειρὸς)
602 615 662 656 sic
682 615 796 670 supra
815 617 890 658 hoc
906 617 1011 658 Dial.
1030 633 1061 659 c.
1083 634 1116 671 3.
1132 619 1246 659 Plura
1263 620 1314 660 ibi
1333 621 1373 661 in

102 666 205 705 notis
219 667 265 706 ad
276 682 314 706 v.
328 667 478 717 ὁμιλεῖν.
491 669 638 708 Rmz.

157 722 231 758 ead.
244 721 269 759 l.
288 734 345 769 14.
363 719 440 760 Οὐκ,
456 722 501 760 ἂν
513 721 658 775 φθάνοι)
676 723 777 762 Vide
788 755 800 771 ‚
815 737 913 776 quae
927 723 1038 778 supra
1050 725 1213 766 diximus
1225 727 1272 766 ad
1284 727 1371 768 Vin

107 772 208 812 anet.
224 786 255 812 c.
273 775 322 813 26
334 805 345 822 ‚
360 775 401 814 δι
414 788 511 828 quae
524 775 706 815 Gronov.
723 776 811 816 ibid.
828 778 973 817 ΚΕΗ-Ζ.

162 827 304 880 Pag.28
314 841 344 866 1.
356 828 378 866 l.
394 843 429 876 4.
446 825 523 867 Οὐκ
533 830 596 878 ἀφ’
607 828 696 881 ἑνὸς)
710 829 881 883 Intellige
892 832 1140 884 πράγματος.
1152 833 1290 872 BROD.
1302 833 1368 875 Sic·

104 878 217 932 Virg.
240 881 341 921 Aen.
359 880 412 921 II:
429 882 556 934 Accipe
576 898 664 922 nunc
677 885 847 923 Danaum
867 886 1004 936 infidias
1016 915 1029 931 ,
1048 886 1082 923 δ’
1101 887 1234 925 crimine
1245 889 1287 925 ab
1299 903 1369 926 uno

106 933 214 984 Disce
226 949 350 973 omnes.
368 956 412 964 —
428 934 540 987 Quid
563 949 691 976 autem
710 938 863 990 proprie
880 938 1066 990 fignificet
1081 939 1142 986 ἀφ’
1163 938 1251 986 ἑνὸς,
1268 940 1367 980 disce

104 998 155 1025 ex
172 987 267 1039 Ἐρμ.
289 1000 321 1026 c.
345 988 411 1033 6¹,
430 1001 566 1042 nempe
585 991 679 1043 quasi
683 989 862 1043 specimine
873 992 946 1043 vifiw
961 993 1006 1031 de
1019 1005 1061 1031 re
1076 1003 1160 1031 tota
1181 993 1369 1033 iudicium

106 1038 219 1080 ferre.
235 1040 294 1081 Sic
308 1041 397 1081 &in
412 1048 540 1092 Συμπ.
563 1056 595 1082 c.
614 1057 661 1096 32
677 1073 689 1089 ‚
703 1044 766 1091 ἀφ’
780 1042 854 1083 ἑνὸς
869 1044 997 1096 ἁνὸρὶς
1017 1043 1081 1084 οὐκ
1094 1045 1244 1095 ἐννόμως
1258 1059 1349 1095 φιλο
1360 1070 1371 1076 -

103 1092 304 1187 ξοφοῧντσς
317 1117 362 1124 -
374 1096 542 1149 μετρεῖτε
561 1099 622 1137 τὸν
638 1097 812 1136 Κλεανθον
829 1099 891 1137 καὶ
912 1097 1052 1139 Ζήνωνα
1071 1099 1198 1148 σοφοὺς
1211 1098 1367 1153 ἂνὸρας.

132 1157 262 1186 οιΑΝ.

157 1204 230 1241 ead.
245 1201 268 1240 l.
287 1215 301 1240 ι
313 1201 688 1256 ς.Ἃπαξατοἰντων)
704 1204 813 1243 Loco
832 1204 883 1243 illi
896 1204 1161 1258 Aristophanis
1179 1206 1226 1245 ab
1245 1205 1368 1246 Scho-

105 1253 208 1294 liaste
230 1254 346 1295 allato
366 1256 458 1296 adde
477 1256 592 1296 eund.
608 1256 705 1297 Plut.
721 1272 736 1296 1
749 1270 815 1297 10:
835 1280 879 1287 -
895 1259 964 1298 εἰσὶ
979 1258 1016 1298 5¹⁹
1029 1255 1069 1298 οὗ
1089 1260 1231 1298 πάντες
1249 1260 1369 1300 κακοί.

106 1311 186 1347 ΠΛ.
204 1309 269 1346 Μὰ
281 1310 356 1355 Δι’,
367 1310 455 1348 ἀλλ’
467 1309 770 1362 ἁπαξάπαντες,
782 1311 802 1350 i.
817 1324 848 1350 e.
867 1324 1015 1360 omnes,
1027 1313 1179 1352 nemine
1191 1325 1367 1365 excepto.

104 1361 165 1401 Sic
178 1361 263 1401 ibid.
281 1364 356 1403 206
367 1393 378 1411 ,
390 1362 500 1415 Εὕρὼν
514 1363 793 1415 &waiam-avrea
807 1366 1172 1417 κατακεκλεισμένα.
1192 1366 1340 1406 REsz.

159 1416 248 1467 Pag.
267 1415 354 1455 282.
370 1416 393 1455 l.
415 1430 444 1468 5.
457 1421 523 1456 Γον
545 1418 602 1457 ἀεὶ
624 1417 783 1470 χρόνον)
800 1418 1038 1458 Adverbium
1064 1432 1135 1471 pro
1154 1420 1341 1460 adiecrivo
1354 1450 1366 1468 ‚

73 1489 83 1494 ·
103 1467 329 1509 Graecismo
341 1469 589 1510 ufitatiffimo.
607 1471 666 1511 Sic
677 1472 717 1510 ἃ
729 1472 913 1524 Hippocr.
932 1473 1084 1512 iureiur.
1098 1472 1163 1511 fin.
1177 1472 1226 1511 εἰς
1238 1475 1298 1511 τὸν
1309 1474 1369 1512 ἀεὶ

105 1521 244 1574 χρόνον.
259 1523 466 1564 Aelian.V.
478 1525 528 1563 H.
539 1524 555 1562 Ι
567 1555 578 1573 ,
595 1539 654 1578 19,
669 1524 687 1565 ἦ
703 1525 805 1563 πάνυ
818 1523 943 1576 τρυφή.
961 1526 1074 1566 Plura
1084 1526 1214 1565 fimilia
1227 1527 1301 1566 vid.
1320 1528 1367 1566 ad

104 1575 206 1615 Dial.
222 1575 296 1630 seq.
309 1590 342 1616 c.
360 1578 429 1624 16,
442 1575 551 1630 ἄγαν
564 1577 798 1629 πλεονεξίας.
811 1579 951 1618 REITz.

161 1631 234 1668 ead.
247 1631 270 1670 l.
284 1631 319 1670 6.
334 1634 518 1671 Βασιλέως
528 1631 692 1684 )“Πηιιη]
710 1645 796 1671 cum
812 1634 981 1672 nominet
993 1633 1259 1685 imperatorem
1272 1664 1282 1681 ‚
1297 1644 1367 1673 aut

107 1682 176 1723 sub
190 1682 304 1723 finem
318 1684 459 1733 Marci,
472 1697 539 1724 aut
550 1685 772 1725 Commodo
784 1686 858 1724 iam
869 1716 878 1732 ‚
897 1687 1003 1740 quod
1016 1687 1144 1727 verius
1158 1698 1253 1740 puto
1264 1717 1277 1733 ‚
1290 1687 1362 1725 im-

106 1748 264 1791 perante
276 1736 416 1777 faetum
430 1738 654 1778 censendum
668 1738 732 1779 est.
745 1739 900 1780 SOLAN.

159 1791 195 1829 in
209 1792 322 1830 Schol.
337 1792 400 1831 col.
421 1806 452 1830 1.
473 1793 495 1831 l.
515 1806 571 1832 12.
584 1793 670 1846 Περὶ
683 1793 910 1847 βασιλείας)
929 1794 1030 1846 Lege
1043 1795 1152 1847 παρὰ
1171 1793 1369 1840 βασιλέως

109 1843 269 1884 SOLAN.

162 1898 240 1937 ibid.
253 1899 276 1937 l.
291 1911 351 1938 21.
363 1898 601 1953 Ὓςτερτερεῖ)
620 1900 723 1952 Lege
735 1896 930 1952 ὑπερφέρει.
948 1901 1112 1939 ΗΕΜςΥ.

159 1953 239 1990 ibid.
253 1953 317 1992 col.
331 1966 366 1990 2.
384 1954 406 1992 l.
420 1968 457 2001 4.
473 1953 724 2007 Φιλοσοφίας)
737 1954 979 2006 Μισξτοφορίας
995 1954 1196 2006 legendum
1217 1953 1369 1993 monuit

107 2005 321 2046 Hemsterh.
337 2006 480 2045 ΚΕΗ-Ζ.
611 2036 668 2048 Η--

160 2060 239 2098 ibid.
251 2060 276 2098 l.
293 2059 351 2098 18.
365 2059 705 2113 Ἀνακενὸέιξιὸος)
726 2060 802 2099 Hic
822 2060 915 2099 latet
930 2073 1072 2099 nomen
1095 2058 1369 2111 ’Amnuvsapo'e-

109 2111 174 2165 ξου
193 2113 324 2165 potius
339 2113 597 2167 Sardanapali:
613 2114 691 2154 vid.
709 2113 901 2154 Scholiast,
920 2115 965 2153 ad
983 2113 1068 2154 Iov.
1083 2114 1272 2166 Tragoed.
1285 2127 1367 2166 cap.

108 2166 172 2216 48.
195 2167 360 2206 HEMST.
1208 2203 1210 2205 .

164 2220 254 2273 Pag.
269 2219 356 2273 283.
375 2221 398 2260 l.
418 2234 476 2273 13·
488 2219 560 2260 Τοῦ
574 2218 710 2274 σωροῦ)
727 2220 851 2266 Dedi,
867 2221 955 2273 quia
973 2221 988 2260 ὅ
1005 2223 1114 2273 σωρὸς
1135 2234 1275 2260 acervus
1291 2219 1343 2259 est
1357 2225 1372 2269 ,'

109 2270 129 2313 ἦ
151 2276 252 2325 σορος
257 2274 473 2326 sepulcrum,
493 2286 537 2314 ut
552 2274 754 2327 infra‘Epp..
770 2275 885 2325 078,
907 2271 1023 2326 ἕτερον
1038 2274 1169 2322 πόθοι,
1191 2274 1319 2323 φασὶν,
1335 2274 1369 2312 ἐν

110 2325 159 2376 ‘rii
175 2326 262 2379 σορῷ
275 2327 393 2378 ἔχων,
417 2330 553 2368 alterum
565 2331 678 2381 pedem
689 2359 700 2375 ,
715 2331 805 2381 quod
816 2328 913 2366 aiunt
923 2359 933 2376 ‚
948 2329 1016 2367 iam
1029 2329 1063 2366 in
1072 2327 1222 2378 sepulcro
1235 2329 1371 2365 hahens.

110 2380 160 2420 Et
175 2379 370 2433 Aristoph.
383 2380 438 2420 Pl.
453 2396 542 2431 277,
551 2382 604 2422 ’Ev
615 2381 664 2430 τῇ
679 2381 768 2433 σορῷ
781 2382 847 2420 νυνὶ
861 2382 992 2434 λαχὼν
1003 2385 1045 2420 τὸ
1057 2380 1233 2434 γράμμα.
1246 2380 1372 2432 Quod

111 2433 204 2472 ideo
216 2434 401 2474 adducere
413 2447 494 2475 non
508 2436 638 2488 pudet,
653 2447 701 2473 ne
716 2436 883 2475 iuniores
896 2433 1074 2473 failantur
1089 2433 1200 2473 versu
1211 2434 1374 2472 Homer.

110 2486 159 2528 11.
173 2491 229 2534 Ψ,
244 2501 310 2540 91,
323 2488 389 2540 qui
402 2488 522 2540 vulgo
536 2487 588 2528 fic
606 2502 629 2528 a
640 2489 843 2539 Lexicogr.
858 2486 1033 2527 affertur:
1049 2487 1111 2525 Ὡς
1125 2486 1168 2525 δὲ
1184 2487 1247 2525 καὶ
1262 2488 1376 2525 ὀστέα

119 2538 199 2582 νῶϊν
215 2540 230 2579 ὃ
245 2541 300 2596 μὴ
315 2544 417 2595 σορὸς
435 2541 738 2596 ἀμφικαλύπτοι.
752 2542 829 2583 Ubi
841 2542 968 2582 credas
979 2540 993 2580 ὅ
1006 2544 1103 2634 ὅρος
1120 2541 1215 2589 dici3
1232 2552 1318 2580 cum
1333 2538 1382 2580 su:

1063 2607 1088 2634 0
1120 2608 1141 2649 3
