2015 3490
219 261 289 309 IN
321 262 407 309 DE
443 259 746 308 MERCEDE
778 261 1157 310 CONDUCTls.
1225 281 1315 329 529

59 348 371 404 ἐπιτυγχάνοιτο.
389 351 523 404 Itaque
540 352 727 400 converti,
749 364 793 391 ac
811 351 838 390 sl
856 352 1004 404 legatur
1021 354 1160 408 ἐχέτω,
1176 355 1252 401 ille,
1270 356 1317 395 de

58 418 140 458 quo
153 406 310 444 dicimus
319 434 332 450 ,
345 407 432 444 τινὰ,
449 405 691 458 συγγνώμην,
704 401 806 444 αὖτιῖ
808 419 838 453 ς,
852 403 991 454 ἦδόνιῖς,
1002 408 1031 445 εἰ
1043 409 1318 461 ἐπιτυγχάνοι-

56 471 114 496 rto·
127 470 196 497 nec
207 458 355 504 dubito,
366 460 457 510 quin
469 459 519 497 ita
528 459 720 498 Lucianus
728 459 881 498 dederit.
896 458 1021 499 stN.
1032 461 1105 500 Etfi
1121 463 1236 513 paulo
1248 461 1318 501 dif-

59 510 202 551 ficilior
216 512 365 551 videtur
382 512 550 562 vulgata,
564 525 680 564 quam
694 511 721 550 si
735 525 823 551 cum
835 512 950 551 Gesn.
965 514 1098 565 legeris
1118 512 1245 555 αὐτῆς·
1259 527 1318 554 ta·

60 577 149 603 men
169 566 395 604 commodus
406 565 458 603 est
470 565 594 604 sensus
607 565 800 617 vulgatae,
813 579 900 605 cum
913 566 1036 618 ἐχέτω
1050 570 1133 607 τινὰ
1148 570 1318 621 σύγγνώ·

57 632 131 668 μην
146 615 276 658 αὐτοῖς
290 617 485 670 significet,
501 618 652 664 Habeto,
667 621 746 657 sive
763 623 817 657 des
831 631 939 657 tamen
951 621 1097 673 aliquam
1117 622 1159 660 iis
1171 625 1319 669 veniam,

61 671 92 711 εἰ
105 671 436 724 ἐπιτυγχάνοιτο,
445 673 481 721 fi
490 672 680 724 contigerit,
694 685 831 724 nempe
843 673 879 711 id
890 703 901 720 ‚
918 679 1010 726 quod
1020 675 1170 726 cupiunt.
1187 675 1319 714 Adeo-

58 738 137 777 que
152 737 275 778 neque
287 738 376 764 cum
388 725 531 764 Solano
546 737 646 777 opus
664 726 738 764 erit
754 725 1077 778 ἐστιτυγχέινοιντο
1094 728 1233 781 legere,
1245 741 1318 769 nec

59 791 243 831 quaerere
257 791 337 830 quo
351 774 477 817 αὐτοῖς
497 777 702 825 reseratum
722 791 808 817 nam
822 780 867 818 ad
885 792 952 818 eos
965 782 1109 819 homines
1131 785 1318 834 pertinet,

57 833 128 884 qui
142 832 380 884 voluptatem
393 831 593 879 seaantur,
603 832 648 871 de
657 832 795 884 quibus
806 844 892 872 ante
902 833 995 872 dixit
1004 848 1016 881 ;
1026 833 1066 874 &
1076 837 1194 888 pergit
1204 837 1318 874 etiam

61 885 98 924 in
111 886 244 938 plurali
257 885 439 938 personae
451 914 463 933 ,
477 898 569 924 mox
586 885 743 938 ὁρῶντας
754 887 893 926 dicens.
914 887 995 927 Nec
1007 887 1122 927 refert
1133 918 1143 934 ,
1160 889 1264 941 quod
1276 901 1318 928 e-

59 938 220 978 iusmodi
243 939 396 992 pluralis
412 952 492 978 non
512 937 681 991 expreffe
703 941 901 991 praecedat
914 951 1002 980 ante
1021 937 1162 988 αὐτοῖς,
1177 941 1238 981 sed
1259 956 1319 981 τις·

59 1002 232 1040 tantum3
255 1005 343 1032 nam
358 992 555 1046 singularis
569 993 627 1031 bis
647 1003 703 1032 ter
718 994 877 1046 repetita
890 996 1078 1034 enarratio
1097 1006 1208 1035 tanto
1229 995 1319 1036 faci·

57 1046 132 1086 lius
148 1047 333 1098 pluralem
346 1045 439 1086 feret
449 1075 459 1094 ,
476 1058 622 1100 quanto
637 1046 727 1085 illud
743 1047 972 1099 praecedens
984 1062 1044 1086 τις
1060 1048 1112 1087 est
1124 1050 1241 1102 magis
1254 1063 1320 1101 ge-

62 1100 190 1140 neraie
200 1130 212 1148 ,
233 1101 272 1139 δι
285 1099 390 1153 quasi
405 1100 662 1139 collec‘tivum.
676 1099 801 1140 Immo
814 1101 854 1140 ἃ
872 1101 1022 1140 dativus
1036 1101 1217 1153 personae
1231 1104 1319 1142 huic

59 1153 184 1206 phrasi
197 1153 250 1193 est
264 1154 614 1201 accommodatior3
629 1153 706 1193 vid.
725 1153 835 1207 supra
853 1153 982 1194 Piscat.
1000 1168 1032 1194 c.
1052 1157 1113 1202 26,
1130 1154 1226 1208 Εἶχε
1240 1161 1319 1208 7¹2?

62 1205 109 1247 ἄν
128 1221 212 1246 τινα
227 1206 456 1260 συγγνώμην
468 1203 568 1257 αὗτῷ
578 1211 619 1245 τὶ)
632 1205 821 1260 πρᾶγμα,
833 1207 862 1246 εἰ
880 1208 1100 1259 ἀμυνόμενος
1112 1231 1155 1238 --
1171 1210 1319 1261 εθρεισε.

0 1271 1 1315 g
60 1260 195 1313 Itaque
205 1260 245 1298 «Sc
258 1262 317 1300 hic
333 1265 373 1299 τὸ
388 1259 554 1313 πρᾶγμα
571 1261 713 1313 poteris
726 1261 947 1313 intelligere,
963 1262 1002 1301 &
1015 1275 1222 1314 exponere,
1238 1265 1320 1303 haec

64 1330 115 1354 res
135 1315 204 1352 illis
223 1317 355 1354 veniam
373 1316 499 1353 tribuat
515 1316 588 1354 &c.
605 1314 752 1353 REITz.
765 1314 911 1366 Ἐχέτω
930 1318 1016 1354 τινὰ
1030 1319 1242 1367 ᾰυγγώμην
1256 1329 1321 1356 ex-

65 1367 177 1422 posui
191 1369 332 1415 habeto,
352 1368 432 1408 five
445 1370 500 1407 des
514 1369 556 1406 iis
571 1370 702 1407 veniam
714 1384 729 1415 ;
744 1380 781 1407 at
802 1381 880 1408 non
896 1368 948 1408 est
962 1368 1167 1416 secundae,
1181 1384 1318 1410 verum

61 1422 198 1461 tertiae
212 1421 305 1475 pers.
323 1422 461 1474 ἐχέτω.
477 1422 559 1461 Nec
573 1434 647 1473 ego
668 1421 775 1460 aliter
788 1424 915 1474 accepi
928 1437 940 1470 3
959 1422 1020 1461 sed
1034 1434 1075 1462 ut
1097 1425 1319 1475 generaliter

62 1475 216 1520 dicitur,
229 1479 359 1522 credas,
372 1478 524 1524 crederes,
539 1488 609 1527 pro
623 1479 735 1514 credat
747 1476 833 1528 quis.
847 1476 1008 1514 IDEM·in
1018 1478 1174 1515 Addend.

117 1530 197 1568 ibid.
209 1530 559 1582 Ἐπιτυγχέινοιτο)
574 1528 751 1569 Vorstius
764 1531 1101 1583 ἑπιτυγχιὶινοιντο·
1115 1531 1218 1584 quod
1230 1544 1321 1584 pro-

63 1583 130 1623 bo.
145 1583 302 1623 SOLAN.

50 1648 53 1651 ·
117 1638 154 1675 in
167 1638 281 1676 Schol.
304 1635 514 1689 Μυρὸλωτον
526 1635 550 1688 )
561 1635 767 1689 Μυρόκωτον
784 1637 835 1675 V.
849 1636 940 1675 Hoc
954 1636 1081 1676 Schol.
1105 1637 1143 1675 in
1163 1637 1217 1676 M.
1241 1651 1322 1678 non

66 1690 197 1729 exstat.
210 1692 307 1730 Utra
318 1690 475 1744 praestet
486 1689 667 1742 scriptura
681 1689 824 1736 nescio,
837 1690 887 1728 ait
898 1689 1073 1729 Solanus.
1086 1690 1157 1729 Sed
1172 1704 1246 1743 ego
1261 1705 1322 1731 ne-

59 1743 162 1792 scio,
176 1758 246 1784 cur
257 1745 400 1784 dubitet
414 1744 498 1784 ille:
512 1757 598 1783 nam
609 1757 696 1782 cum
707 1745 823 1782 λωτὸς
837 1744 861 1782 ἰ.
873 1756 906 1782 e.
917 1743 1006 1782 lotus
1021 1744 1137 1783 herba
1150 1746 1190 1784 &
1205 1745 1322 1785 arbor

65 1797 112 1837 fit
123 1800 277 1838 nomine
287 1797 490 1843 notiffima,
508 1798 597 1837 licet
610 1797 655 1836 de
668 1797 870 1849 generibus
885 1798 968 1836 eius
986 1797 1248 1837 controversia
1264 1798 1323 1847 fit,

65 1851 162 1905 (vid.
178 1852 370 1892 Matthiol.
390 1853 436 1891 ad
447 1850 760 1904 Dioscorid2pag.
776 1864 863 1901 157,
881 1852 922 1890 ὅ(
936 1851 1086 1891 Salmas.
1102 1851 1147 1890 de
1162 1852 1321 1891 homon.

60 1906 149 1957 hyl.
164 1907 244 1945 iarr.
262 1921 298 1959 p.
315 1908 352 1945 6.
366 1904 384 1958 )
398 1909 513 1944 κωτὸς
525 1918 621 1944 vero
636 1906 735 1958 apud
746 1905 800 1943 rei
819 1905 1014 1943 herbariae
1028 1904 1229 1957 scriptores
1244 1919 1323 1944 non

68 1960 305 2007 inveniatur;
321 1959 412 1998 mihi
427 1959 585 1998 dubium
600 1971 681 1998 nen
691 1958 764 2005 est,
775 1956 980 2008 μυρόλωτον
997 1971 1132 1997 verum
1147 1959 1231 1998 effe.
1247 1959 1324 1998 Etsi

68 2013 325 2066 compositum
341 2015 416 2053 hoc
438 2025 517 2052 non
530 2013 690 2052 invenio
708 2013 804 2051 inter
820 2012 931 2058 lotos,
952 2011 1004 2051 est
1023 2023 1150 2051 tamen
1173 2015 1213 2050 τὸ
1235 2014 1323 2064 μύρα

70 2067 162 2106 alibi
175 2067 351 2106 usitatum
360 2096 372 2114 ‚
387 2078 430 2106 ut
443 2067 698 2118 myrobalanus.
715 2066 861 2105 Rmz.

64 2150 67 2152 >
124 2122 213 2174 Pag.
227 2122 315 2160 226.
327 2121 351 2159 l.
372 2133 404 2159 1.
419 2120 487 2160 Τοῦ
498 2119 568 2169 κᾷν
578 2117 716 2171 αὐτὸν)
734 2119 951 2172 Legendum
965 2116 1031 2158 τοῦ
1045 2116 1115 2167 κᾷν
1130 2114 1232 2168 αὐτῷ
1247 2134 1325 2158 ποι-

70 2175 342 2229 ραγεὺσασῧαί
355 2188 449 2213 ποτε
463 2173 659 2220 sisae-321,
675 2172 702 2211 si
717 2174 857 2225 aliquid
871 2172 998 2212 dixiffe
1013 2174 1175 2211 velimus
1190 2173 1326 2212 Lucia-

63 2241 176 2268 num.
196 2227 323 2268 Gtsn.
340 2227 400 2267 Re
413 2227 540 2267 denuo
559 2226 741 2281 perpensa
760 2227 850 2266 illud
869 2227 984 2265 αὐτὸν
1001 2225 1089 2264 ferri
1109 2225 1211 2278 poffe
1228 2226 1326 2264 arbi-

62 2293 154 2322 ·tror
168 2312 180 2330 ‚
212 2293 395 2334 tanquam
423 2280 686 2321 accusativum
709 2282 755 2320 ab
780 2280 975 2319 infinitivo
995 2281 1326 2331 παραγεύσασῧιιι

101 2337 311 2375 endentem.
329 2335 400 2375 Sed
413 2335 480 2387 qui
494 2335 697 2387 praeterito
712 2335 821 2374 locus
840 2333 884 2372 fit
902 2334 940 2372 in
958 2333 1020 2386 spe
1032 2362 1043 2378 .,
1059 2333 1184 2372 nullus
1199 2333 1326 2372 video.

92 2401 205 2443 taque
215 2400 326 2442 puto,
345 2389 449 2441 quod
462 2389 552 2434 dixi,
565 2388 767 2439 legendum
780 2386 976 2426 ὃίὲοσδαιι.
992 2387 1102 2425 IDEM
1116 2388 1151 2425 in
1170 2388 1325 2425 Addend.

74 2443 150 2483 Pro
162 2441 231 2492 κᾷν
242 2442 315 2482 Ms.
323 2442 421 2494 Reg.
435 2443 536 2495 2956
547 2442 683 2481 rectius
695 2443 785 2494 legit
795 2443 869 2480 καί.
882 2439 995 2479 Αὐτὸν
1007 2439 1193 2479 &Skabai
1208 2440 1255 2478 sc.
1266 2446 1327 2478 τὸν

76 2499 192 2535 Ambit
203 2497 331 2536 Attice
343 2496 431 2536 vult
445 2495 609 2548 positum
620 2496 663 2534 Β,
675 2496 719 2534 de
730 2495 823 2534 Ball.
841 2508 912 2548 pro
923 2490 1040 2542 αὐτῷ.
1051 2493 1235 2545 Exempla
1251 2491 1328 2531 col-

74 2550 166 2604 legit
179 2550 275 2589 idem
288 2550 349 2589 vir
360 2549 460 2588 doci.
472 2550 510 2587 in
518 2550 723 2591 Animadv.
735 2549 780 2589 ad
790 2548 960 2602 Oppian.
973 2548 1017 2587 de
1027 2548 1170 2597 Ven.1‚
1182 2560 1220 2587 v.
1239 2559 1296 2586 10.

182 2604 326 2644 Lucian.
350 2604 428 2645 Vol.
450 2602 522 2644 Ill.
1033 2599 1064 2639 L
1077 2601 1089 2639 l
