2015 3490
251 279 354 327 IN
420 272 1135 327 PrscAToREM.
1235 295 1331 345 497

113 365 149 408 ἳπ
160 368 276 407 Schol.
292 367 482 420 Μυσαρὶς)
500 369 660 420 Μισοιρδς
672 367 814 406 editum
829 378 909 406 erat
921 397 932 412 ,
949 366 1008 406 sed
1020 369 1188 420 μυσαρὸς
1201 381 1333 409 corre-

36 458 39 462 Ι
59 422 115 463 xit
127 422 303 469 Solanus,
319 421 438 469 re&e3
462 434 599 476 nempe
614 434 637 459 a
653 420 774 472 μῦσος
790 421 920 460 scelus.
942 421 1090 460 Rmz.

114 477 207 527 Pag.
225 475 308 516 168.
322 476 346 514 l.
362 489 395 514 2.
408 475 551 525 Ἀφυῶν
568 475 641 527 en.)
658 476 747 514 Vid.
763 474 958 527 Aristoph.
971 475 1098 514 Schol.
1112 475 1150 514 in
1163 476 1232 529 Eq.
1245 490 1330 530 pag.

65 531 152 570 226.
175 531 340 568 VORST.
367 528 499 569 Gloss'a
514 528 625 567 Paris.
646 531 802 581 Aplzyae
813 529 983 581 pisciculi,
999 545 1084 581 quos
1096 532 1191 580 parit
1208 532 1309 570 limus
1318 558 1332 577 ,

34 592 38 599 ’
60 584 313 623 vermiculorum
327 583 429 634 instar
431 583 678 634 fiaturientes:
700 583 847 621 meminit
861 582 1045 622 Aelianus.
1071 583 1213 622 Plinius
1231 598 1332 624 vero

59 637 195 690 Aquas
208 650 230 676 a
242 637 385 676 Latinis
404 636 586 690 appellari
607 637 694 676 dicit
705 666 717 682 ,
735 637 840 690 quod
855 649 903 675 ex
917 649 1018 690 aqua
1034 638 1074 676 δε
1097 637 1228 690 pluvia
1242 652 1333 692 pro*

61 703 252 731 creentur.
278 691 425 730 Rmz.

35 795 44 798 ,
114 747 190 783 ead.
205 746 229 785 l.
245 757 277 795 3.
290 744 556 798 Ἀφυὲο-τειτοι)
580 743 673 784 Non
697 743 821 797 potest
840 743 1047 784 commode
1066 743 1168 784 lusus
1187 746 1332 785 verbo-

60 810 146 838 rum
170 797 389 839 conservari
412 811 459 838 ex
480 799 715 851 cognatione
735 796 858 846 ἕιφυῶν
879 813 1066 851 apuamm,
1083 798 1125 838 &
1138 800 1334 848 &eveo-‘td-

60 864 143 892 των.
167 852 296 892 GEsN.

113 909 186 945 ead.
202 905 501 958 ἰ,4.Ἦμίτομος)
528 905 652 944 Etiam
675 905 963 945 Germanorum
985 904 1227 946 consuetudo
1242 908 1332 947 latos

60 959 146 1000 illos
161 959 280 1012 pisces
293 961 486 999 dimidiatos
501 971 630 1007 vocat,
644 959 867 1010 Halbfisclze:
881 960 1206 1012 quemadmodum
1217 961 1333 1000 etiam

60 1013 345 1063 nobiliffimum‚
357 1015 460 1067 apud
473 1014 772 1054 mediterraneos
788 1025 906 1061 certe,
925 1026 1061 1066 genus,
1065 1015 1193 1065 sbleas,
1208 1015 1330 1068 vulgo

59 1069 245 1121 thteiffen
259 1069 322 1108 vel
335 1068 504 1120 Platzffen
517 1097 528 1114 ‚
543 1066 729 1115 πλατεῖς,
742 1068 944 1120 appellant.
961 1067 1090 1107 GnsN.

115 1126 190 1162 ead.
204 1124 227 1162 l.
243 1136 274 1175 5.
290 1121 452 1174 affirm)
465 1120 586 1161 Gloff.
595 1120 708 1161 Paris.
724 1122 953 1175 Psetcapisct's
965 1123 1078 1161 latus:
1093 1123 1239 1162 meminit
1249 1124 1334 1162 Ari-

53 1177 189 1231 stoteles
203 1177 239 1215 δ’
250 1177 391 1215 Suidas.
415 1176 563 1215 REITZ.

0 1266 1 1281 ¹
115 1233 189 1270 ead.
206 1232 230 1270 l.
243 1244 282 1280 7.
299 1229 381 1283 ΕΛ.)
394 1228 566 1269 Confusa
580 1229 639 1268 hic
652 1241 761 1268 erant
772 1230 920 1270 omnia:
942 1242 1069 1282 neque
1084 1243 1200 1284 opem
1216 1230 1333 1271 ullam

0 1288 2 1324 i
62 1284 99 1324 in
110 1284 605 1338 impreffisinveniebamus.
615 1283 714 1322 Illud
725 1288 790 1323 EA.
799 1297 847 1323 ex
858 1284 897 1323 P.
908 1286 1036 1323 omnia
1045 1283 1161 1324 sanat.
1173 1285 1332 1324 SOLAN⁴

115 1341 187 1378 ead.
202 1340 225 1377 l.
245 1352 304 1379 10.
318 1340 361 1377 Τι’
373 1338 464 1391 φῂς)
482 1343 547 1377 ΕΛ.
563 1338 604 1376 L.
620 1337 790 1390 Impreffi
802 1338 974 1391 plerique
987 1341 1112 1378 HAPP.
1122 1338 1175 1380 Fl.
1186 1344 1234 1378 Π.
1249 1352 1332 1379 tan-

31 1436 34 1437 ?
63 1403 159 1433 tum.
172 1393 263 1432 Sola
278 1394 306 1431 I.
322 1394 378 1432 ed.
391 1394 514 1432 eidem
527 1392 672 1438 tribuit,
690 1391 802 1432 reete.
825 1391 985 1431 SOLAN.

116 1450 190 1486 ead.
205 1448 228 1486 l.
248 1461 307 1500 13.
327 1447 389 1486 Ὡς
408 1446 454 1485 ἂν
477 1446 512 1485 ἐν
527 1445 621 1495 βυθῷ
638 1444 762 1497 δόξειε
781 1447 946 1486 ποικίλον
967 1445 1034 1500 Τὴν
1052 1445 1189 1498 χρόαν)
1208 1446 1333 1487 Bene-

61 1500 205 1547 ᾱίἐὶυε,
227 1517 270 1541 ac
272 1503 312 1553 st
322 1501 357 1540 in
368 1500 540 1554 proficndo
560 1500 650 1538 varii
668 1500 790 1539 coloris
806 1513 982 1551 appareat.
1009 1499 1095 1552 Qui
1114 1499 1239 1540 sensus
1260 1510 1332 1541 nec

63 1555 154 1596 huic
172 1555 262 1595 loco
275 1568 496 1608 congruus,
516 1567 589 1594 nec
603 1567 676 1607 pro
689 1553 797 1593 sensu
811 1554 945 1593 haberi
967 1553 1109 1606 potest,
1136 1568 1225 1594 cum
1241 1556 1335 1595 nihil

63 1611 155 1649 boni
168 1610 336 1649 denotet.
363 1609 471 1661 Quid
485 1609 586 1650 enim
607 1607 651 1646 ist
672 1607 748 1647 est?
771 1619 837 1648 aut
854 1621 902 1646 an
918 1608 955 1647 id
976 1607 1059 1647 fieri
1075 1607 1196 1647 solet?
1222 1609 1333 1648 Prior

63 1664 273 1717 interpres,
295 1665 400 1703 veluti
415 1664 450 1702 in
462 1662 634 1717 profitndo
649 1674 789 1715 apparet
801 1663 908 1701 colore
918 1663 1033 1710 vario,
1054 1662 1195 1714 easque
1213 1676 1335 1703 voces

62 1718 222 1757 includit
242 1717 476 1771 parenthefi,
500 1718 602 1755 unde
619 1728 723 1769 patet
744 1729 835 1755 eum
850 1715 987 1755 erraffe
1000 1717 1038 1754 in
1052 1715 1171 1769 scopo
1183 1717 1225 1756 δε
1239 1730 1335 1757 vera

63 1771 323 1825 intelligentia,
337 1772 471 1818 Verte,
483 1773 687 1810 accedentem
699 1772 809 1817 video,
820 1782 923 1823 prout
937 1772 971 1808 in
979 1769 1152 1822 profitndo
1165 1772 1333 1819 videatur,

65 1828 199 1867 varium
216 1827 333 1866 colore.
351 1825 487 1865 Sedere
503 1826 606 1864 enim
619 1824 777 1877 fingitur
788 1825 828 1863 in
844 1825 961 1863 muris
975 1826 1090 1869 arcis,
1105 1824 1206 1864 unde
1219 1825 1335 1876 despi—

66 1881 173 1921 ciens
184 1880 252 1929 ait,
262 1891 449 1933 quantum
462 1893 510 1919 ex
520 1878 802 1918 distantiaistius
810 1879 1012 1917 altitudinis
1024 1878 1192 1917 iudicare
1201 1878 1337 1931 poffet,
1392 1915 1398 1917 t

66 1934 104 1975 se
124 1935 255 1974 videre
276 1935 444 1988 aliquem
462 1935 628 1973 varium.
650 1933 730 1972 Res
753 1932 832 1986 ipsa
851 1934 977 1972 docet.
1003 1932 1148 1971 GRON.
1167 1932 1334 1973 Solanus

66 1989 284 2030 verfionem
308 1988 501 2041 pristinam
520 1987 572 2026 fic
589 1998 833 2027 correxerat:
856 1989 907 2026 Et
926 1999 1089 2039 quantum
1106 1987 1143 2024 in
1159 1985 1333 2038 profundo

65 2058 192 2083 cernere
210 2046 274 2097 est,
296 2055 378 2082 non
394 2044 532 2095 inepte.
556 2042 703 2080 RE1‘rz.

130 2099 166 2136 in
179 2098 368 2136 Schol.col.
385 2111 415 2135 1.
429 2097 452 2134 l.
467 2111 499 2135 1.
511 2095 550 2134 ‘H
563 2094 720 2147 ψῆττα.)
741 2093 860 2145 Ὁψον
882 2094 1095 2146 legebatur,
1118 2093 1159 2132 &
1179 2094 1335 2146 quidem

41 2200 45 2204 .
65 2149 230 2204 aspirata
247 2151 371 2204 prima
387 2163 396 2190 ε
420 2151 458 2189 id
474 2162 603 2190 autem
621 2149 749 2189 noster
763 2149 922 2194 delevit,
944 2150 985 2187 ἃ
998 2147 1136 2197 45⁷7oe
1150 2148 1337 2200 reposuit,

67 2218 148 2245 non
171 2206 295 2245 addita
307 2205 457 2243 ratione
465 2219 478 2252 3
504 2205 620 2243 credo
635 2214 763 2242 tamen
776 2216 865 2242 eum
882 2204 921 2241 in
941 2201 1041 2241 Cod.
1061 2201 1113 2240 fic
1133 2202 1337 2254 reperiffe;

69 2260 133 2300 sed
153 2258 274 2312 poffet
293 2270 502 2311 utrumque
524 2257 664 2304 adesse,
692 2258 733 2296 δι
762 2257 874 2307 ὄψον,
894 2256 1071 2308 opsonium
1086 2285 1097 2298 ,
1120 2257 1226 2308 quod
1250 2257 1339 2295 κατ’

69 2312 210 2367 ἐξοχὴν
234 2313 280 2352 de
304 2312 468 2366 piscibus
492 2313 699 2365 accipitur,
723 2324 796 2364 pro
820 2311 1049 2362 synonymo
1070 2310 1137 2347 τοῦ
1170 2310 1338 2363 ἰχθύδιον

72 2368 218 2407 haberi.
239 2367 387 2406 Rmz.

123 2423 202 2460 ibid.
224 2422 287 2461 col.
308 2436 342 2460 2.
356 2422 380 2459 l.
402 2431 434 2459 1.
459 2419 716 2471 Βοὺγλωσο-ον.
732 2417 878 2469 κακῶς)
900 2411 1128 2470 Βά,γλιοάῖον
1149 2418 1189 2455 &
1212 2417 1339 2455 καλῶς

69 2475 214 2515 editum
230 2486 330 2521 erat,
355 2473 603 2526 pluribusque
617 2474 721 2512 vitiis
747 2473 1000 2525 typotheticis
1023 2469 1187 2510 scatebat
1207 2471 1284 2509 hoc
1299 2473 1338 2511 &

73 2529 340 2583 praecedentia
353 2528 505 2568 scholia.
517 2527 589 2566 Sed
603 2528 650 2565 ad
662 2526 787 2565 κακῶς
799 2528 840 2565 ἃ
853 2526 971 2564 verba
983 2525 1084 2577 seqq.
1096 2524 1257 2563 solanus
1270 2537 1340 2562 no-

72 2584 168 2627 tavit
183 2596 191 2622 ζ
213 2584 296 2636 quid
307 2584 420 2634 lzocfit
428 2611 442 2628 ,
455 2582 575 2631 nescire
588 2597 637 2620 me
647 2611 659 2630 ‚
673 2582 785 2620 lubens
799 2579 956 2634 agnosco.
971 2579 1013 2618 In
1030 2579 1122 2619 Exc.
1139 2578 1187 2619 G.
1203 2579 1341 2618 lacuna

184 2638 330 2677 Lucian.
355 2636 435 2676 Vol.
452 2636 526 2676 III.
1047 2632 1066 2670 I
1085 2632 1099 2670 i
