2015 3490
316 252 418 297 IN
485 247 1148 301 APOLOGIAM.
1281 255 1372 321 569

104 339 147 381 δι
160 339 410 383 hinnulorum
430 345 599 384 cervices
620 344 851 391 collaribus,
872 356 914 385 ut
927 346 1039 385 etiam
1058 346 1215 386 nuncin
1235 348 1374 399 princi-

104 408 197 448 pum
213 396 331 443 aulis,
346 398 618 451 cingebantur:
638 397 699 437 sed
719 399 893 451 loquitur
911 400 956 438 de
972 401 1144 446 animali,
1171 402 1275 453 quod
1294 412 1375 441 tor-

102 461 203 502 que,
218 462 301 502 quo
317 451 527 490 ducebatur
549 454 589 492 &
612 452 831 491 trahebatur
848 454 892 491 ad
907 453 1057 492 libitum
1078 454 1242 500 domini‚·
1260 454 1374 494 instar

104 503 471 557 wayyu'ov‚fimiae.
491 505 687 557 Quamvis
701 507 814 558 igitur
826 507 914 545 nihil
930 508 974 545 ad
996 520 1076 546 rem
1099 508 1216 554 hanc,
1237 509 1283 548 de
1295 522 1374 559 qua

103 555 278 609 loquitur
291 557 484 598 Lucianus
494 588 505 604 ,
521 558 638 598 faciat
653 558 717 598 iste
739 558 847 599 locus
866 560 1101 608 Philostrati,
1116 563 1238 601 necin
1252 562 1375 602 histo-

102 609 166 650 riis
179 623 358 651 occurrat
373 612 549 665 pardalus
565 611 616 652 fic
634 611 739 652 fuiss'e
758 614 944 660 domitus,
961 626 1004 654 ut
1024 615 1063 653 in
1084 616 1374 666 opulentiorum

105 663 264 704 aedibus
278 664 393 706 fuerit
405 667 702 714 circumduAEtus‚
715 666 803 707 facit
813 679 939 708 tamen
951 681 1023 720 pro
1034 669 1254 717 Bochardo‚
1265 672 1372 723 quod

104 717 255 770 legatur
270 719 307 758 in
321 720 569 773 praecedente
583 721 834 761 dissertatione
847 723 884 760 in
896 723 1070 761 mercede
1084 723 1294 771 conduffis,
1307 725 1375 763 ubi

104 771 150 811 de
162 773 292 812 eadem
305 787 346 813 re
359 775 549 828 loquitur,
561 775 741 827 illos,.qui
752 775 932 815 divitibus
943 789 1101 829 operam
1113 776 1216 816 suam
1230 777 1376 825 locant,

104 823 241 866 similes
260 826 334 867 effe
348 827 472 876 leoni,
490 829 558 881 qui
573 828 746 881 alligatus
760 828 936 869 funiculo
950 830 1136 869 hincinde
1151 831 1374 872 ducebatur.

102 878 159 918 Ibi
170 880 442 935 philosophus,
457 894 546 921 cum
560 883 719 929 videret,
734 882 769 922 se
782 883 994 923 libertatem
1009 884 1221 936 perdidisse,
1237 887 1372 937 queri-

103 941 170 972 tur
183 947 269 987 pag.
283 949 356 985 471
377 948 386 974 ε
401 934 471 975 Νῦν
483 935 527 976 Σὲ
542 938 584 974 τὸ
599 934 664 975 τοῦ
683 937 821 990 λόγου,
842 938 932 976 λέων
953 937 1057 989 κρόκῃ
1077 937 1193 977 θεθεὶς
1212 937 1285 976 ἀνω
1305 939 1370 978 καὶ

58 987 62 989 ’
103 988 209 1026 κέιτω
229 989 487 1042 περισύρομαι.
508 992 613 1029 Nunc
633 1005 733 1036 vero,
756 1002 794 1029 ut
808 990 922 1042 solent
943 993 1069 1039 dicere,
1084 993 1134 1031 leo
1149 993 1216 1043 filo
1238 993 1372 1031 vinHus

95 1040 236 1094 fili-sum
250 1059 293 1083 ac
309 1044 459 1095 deorsum
478 1043 700 1095 circumferor.
718 1045 815 1083 Nam
838 1047 1018 1097 quamvis
1038 1046 1287 1098 proverbium
1303 1045 1346 1085 fit
1359 1078 1372 1095 ,

102 1096 219 1134 traxit
231 1106 361 1137 tamen
373 1098 562 1151 originem
582 1111 602 1137 a
618 1110 724 1138 vero.
741 1099 844 1138 Nota
863 1097 916 1138 est
935 1098 1092 1138 historia
1103 1100 1306 1139 Androclis
1325 1113 1376 1139 ex

103 1148 232 1190 Gellio
246 1150 288 1189 δι
304 1152 480 1191 Aeliano.
493 1153 583 1192 vide
595 1152 685 1191 Plin.
698 1151 792 1191 Hist.
806 1152 979 1192 Natural.
990 1153 1155 1192 lib.VIll
1167 1185 1178 1202 ‚
1189 1167 1221 1193 c.
1239 1155 1297 1194 16.
1308 1154 1374 1194 Sic

103 1202 144 1242 δι
159 1204 362 1256 pantheras
376 1206 415 1245 δι
429 1206 570 1259 pardos
584 1207 775 1246 cicuratos
788 1206 827 1245 &
841 1207 931 1246 olim
949 1205 1056 1247 fuiffe
1068 1207 1214 1247 constat
1226 1220 1274 1246 ex
1288 1209 1372 1247 vita

102 1256 318 1311 Elagabali,
333 1260 372 1299 δι
392 1260 474 1299 aliis
488 1259 754 1300 historicorum
773 1261 1053 1309 monumentis,
1068 1262 1122 1300 uti
1137 1262 1249 1300 etiam
1266 1275 1373 1302 nunc

101 1311 140 1350 in
155 1311 258 1352 India
272 1313 316 1352 ad
331 1314 549 1353 venandum
564 1314 771 1354 cicuratur.
787 1314 971 1353 Martialis
984 1315 1044 1354 lib.
1057 1328 1088 1360 1,
1102 1315 1169 1366 Ep.
1186 1316 1255 1363 84:
1275 1316 1373 1354 Ρὶέῖιι

101 1368 192 1420 quod
202 1367 281 1420 iugo
293 1369 442 1419 deligata
462 1369 548 1408 collo
562 1368 860 1420 Pardussustinet.
885 1369 956 1407 His
978 1378 1074 1420 puto
1096 1368 1200 1420 poffe
1223 1368 1373 1409 defendi

101 1421 408 1462 emendationem
422 1424 547 1474 magni
558 1422 772 1470 Bochardi;
792 1435 915 1474 neque
937 1434 1063 1462 tamen
1082 1422 1200 1462 aufim
1212 1435 1295 1462 eam
1308 1437 1373 1463 ve-

102 1486 184 1514 ram
197 1474 394 1528 praestare.
412 1475 536 1516 Facile
550 1475 698 1529 poffent
710 1477 783 1515 alia
798 1475 986 1516 substitui:
1001 1476 1060 1516 sed
1081 1477 1188 1530 quod
1203 1475 1282 1516 fine
1296 1490 1374 1531 ope

101 1526 189 1569 libri
203 1530 362 1578 veteris,
379 1530 414 1569 in
430 1543 518 1570 meo
531 1531 591 1570 hic
605 1530 751 1570 nullum
768 1530 820 1570 est
841 1530 1064 1583 praesidium
1075 1562 1086 1579 ‚
1102 1531 1191 1570 nihil
1205 1530 1372 1570 affirma-

101 1582 185 1621 rim.
197 1582 370 1624 GRAEV.
382 1584 510 1624 Video
525 1585 564 1623 in
579 1584 648 1624 hac
660 1586 825 1623 editione
839 1584 1021 1636 grandem
1035 1596 1168 1624 notam
1180 1585 1236 1623 his
1246 1583 1373 1624 subie-

101 1633 212 1675 &am
227 1637 271 1676 In
284 1638 422 1691 quibus
433 1637 520 1678 sane
536 1635 743 1678 frustranea
758 1637 811 1678 est
819 1638 1009 1678 Bochardi
1021 1638 1222 1691 disputatio
1236 1650 1373 1678 contra

100 1689 311 1733 Bootium:
332 1691 518 1745 disputare
536 1693 665 1732 debuit
679 1693 718 1731 in
732 1691 808 1745 ipsa
820 1705 921 1731 voce
933 1691 1112 1743 novpo‘amoe
1124 1723 1135 1740 ‚
1155 1705 1203 1731 an
1220 1692 1311 1731 ferri
1324 1706 1370 1733 ea

101 1744 244 1796 poffet3
256 1747 362 1799 prius
374 1757 500 1793 certe,
515 1759 630 1799 quam
644 1746 872 1787 conie&uris
887 1746 979 1785 nihil
993 1747 1215 1786 iuvantibus
1228 1759 1372 1786 concu-

101 1808 224 1845 teret,
238 1800 346 1853 quod
365 1799 493 1840 stabile
513 1801 554 1841 &
575 1812 721 1840 certum
746 1800 830 1839 satis
849 1801 990 1839 fecerat
1003 1799 1181 1840 immensa
1201 1800 1370 1840 Salmafii

100 1851 295 1902 do&rina;
310 1866 376 1908 per
388 1868 504 1908 quam
518 1855 639 1894 dicere
650 1855 762 1894 etiam
775 1854 955 1894 debemus
967 1853 1101 1894 frustra
1110 1855 1280 1895 exerceri
1293 1868 1373 1893 ma-

99 1905 205 1947 luiffe
217 1907 459 1955 Palmerium,
473 1922 590 1962 quam
605 1908 739 1950 diserte
754 1907 941 1961 profiteri,
957 1908 991 1946 id
1008 1921 1137 1955 omne,
1152 1909 1256 1961 quod
1274 1908 1369 1947 boni

100 1959 239 2003 afferre
253 1962 329 2002 huc
344 1974 496 2016 poterat
506 1993 516 2009 ‚
532 1963 580 2003 ab
595 1959 731 2003 eodem
746 1962 914 2001 maximo
928 1962 1018 2001 viro
1034 1975 1265 2014 occupatum
1281 1961 1368 2001 effe.

37 2064 40 2067 ,
99 2014 202 2053 Nam
215 2026 258 2055 ut
271 2016 452 2070 σφιγγία.
467 2015 660 2057 manifeste
672 2015 847 2070 exposuit
861 2016 1086 2056 animalcula
1096 2048 1107 2066 ‚
1126 2017 1257 2055 Latine
1272 2015 1370 2068 spin-

101 2066 264 2110 turnicia
276 2084 362 2123 pag.
380 2085 475 2124 3773
492 2071 544 2111 sic
558 2071 736 2123 κουράλιοι
752 2084 798 2110 ex
812 2069 1014 2121 Hesychio
1028 2071 1073 2110 de
1088 2083 1210 2123 parva
1230 2070 1309 2120 κόριν
1327 2083 1365 2121 ρ.

99 2135 153 2176 90
166 2125 295 2178 magni
307 2126 435 2178 operis
444 2156 457 2172 ,
474 2139 574 2178 quae
584 2137 746 2178 utraque
760 2126 836 2164 huc
847 2124 944 2164 bene
957 2125 1208 2164 conveniunt.
1221 2123 1370 2163 GRON.

153 2177 232 2219 ibid.
249 2179 317 2218 Καὶ
331 2181 384 2218 τὰ
398 2179 607 2233 κουράλιοι)
626 2182 678 2219 Et
698 2191 826 2231 torques
838 2194 854 2217 e
869 2178 994 2218 coralio
1006 2209 1017 2225 ‚
1033 2181 1142 2231 quod,
1156 2178 1279 2231 inquit
1292 2177 1370 2216 Pli-

100 2230 189 2270 nius
199 2262 211 2278 ,
231 2233 419 2286 religiosum
433 2234 586 2287 inprimis
605 2236 768 2286 gestamen
782 2232 842 2283 effi
855 2233 1044 2285 existimant
1065 2232 1261 2271 amoliendis
1278 2232 1370 2284 peri-

113 2286 199 2324 :ulis.
213 2286 352 2326 BROD.
369 2287 434 2326 An
455 2301 538 2327 vox
561 2288 721 2327 barbara
741 2300 790 2326 ex
811 2287 985 2325 collarium
1008 2285 1130 2326 fasta?
1157 2286 1223 2327 An
1245 2285 1371 2325 coral-

100 2339 196 2380 lium
211 2340 309 2394 lapis
321 2373 332 2390 ‚
353 2340 378 2380 s.
397 2352 556 2395 torques
574 2355 625 2382 ex
642 2339 826 2381 corallio?
844 2340 919 2380 vid.
941 2340 1064 2379 Codd.
1082 2350 1177 2379 vett.
1197 2339 1371 2380 GUYET.

100 2392 229 2433 Locus
242 2396 523 2448 propemodum
535 2396 802 2436 conclamatus
811 2423 822 2440 ‚
839 2395 884 2433 ad
897 2407 1013 2447 quem
1028 2394 1133 2447 quod
1148 2393 1344 2433 conferam
1355 2423 1368 2439 ‚

100 2447 194 2489 nihil
209 2448 345 2489 habeo.
358 2449 484 2499 Placet
496 2462 623 2489 tamen
636 2463 725 2503 prae
736 2449 907 2501 reliquis,
920 2461 1021 2500 quae
1032 2449 1248 2500 nuperrime
1260 2447 1373 2498 prod-

100 2500 168 2546 iit,
180 2501 306 2543 illustr.
325 2502 544 2557 Spanhemii
565 2504 781 2544 emendatio
796 2502 858 2555 (p.
882 2516 956 2551 242
970 2503 986 2549 )
1000 2501 1159 2554 legentis
1173 2504 1368 2550 κολούρας,

102 2555 167 2599 vel
181 2557 341 2610 κλάροις,
355 2570 456 2614 quae
465 2558 536 2599 alia
547 2557 741 2598 simiarum
756 2556 880 2598 cauda
889 2556 1097 2597 carentium
1112 2554 1251 2609 species
1264 2567 1283 2593 a
1296 2552 1371 2592 Sala
