2015 3490
322 271 423 319 IN
490 241 1085 320 CATAP'LUM.
1251 278 1348 343 509)

66 367 102 402 c.
118 371 177 400 11.
190 359 267 400 Vel
286 355 443 415 cupere,
456 361 684 415 exspeRare.
708 362 776 415 Ep.
790 363 836 401 ad
850 362 970 402 Hebr.
982 363 1036 403 XI
1055 364 1118 412 26,
1130 361 1350 410 Ἀπέβλεπε

67 416 148 468 γὰρ
163 415 216 454 εἰς
232 414 299 456 τὴν
310 415 638 467 μισθαποδοσίαν.
661 415 774 455 Plura
785 416 920 457 fimilia
936 430 1098 470 quoque
1113 418 1211 457 dedit
1232 419 1352 458 frater

65 469 159 510 Gul.
182 468 352 508 Reitzius
366 470 404 509 in
423 470 531 523 Belg.
544 469 728 510 Graeciff.
747 483 833 523 pag.
855 472 944 519 446.
959 471 1030 510 Sed
1046 472 1105 511 hic
1125 473 1274 512 tantum
1297 471 1354 513 est

67 523 233 576 respicere.
247 522 396 562 REITz.
1209 564 1212 566 .

119 579 193 617 ead.
205 578 230 615 l.
247 576 286 615 8.
304 576 457 630 Μιαρὸν)
471 575 586 617 Conf.
603 589 735 616 notam
749 577 794 616 cl.
813 576 961 617 Hemst.
974 578 1021 616 ad
1034 578 1165 628 Tim.§
1184 592 1226 632 53
1242 578 1266 620 f.
1279 580 1348 621 ubi

65 629 201 670 frustra
213 634 336 684 μικρὸν
352 644 425 684 pro
443 633 591 683 μιαρὸν,
609 644 657 670 ex
677 630 756 670 sola
771 632 802 670 J.
820 631 892 684 legi
908 632 1036 671 voluit
1054 632 1182 672 Solan.
1199 634 1346 674 Rmz.

119 685 154 722 in
170 685 286 723 Schol.
303 686 405 725 col.1.
417 685 439 724 l.
454 699 515 724 22.
530 684 592 723 Ad
605 685 770 724 verbum
786 687 973 738 Γλυκέριον
986 686 1067 726 duo
1081 698 1190 726 erant
1206 687 1347 728 scholia

66 737 105 777 in
117 737 262 778 diversa
273 739 359 779 loca
370 737 542 778 distracta
559 739 599 777 in
616 741 656 779 V.
671 751 771 791 quae
783 739 994 779 coniuncta
1006 741 1182 780 exhibeo.
1197 741 1346 784 Rmz.

119 792 213 845 Pag.
230 805 316 845 190.
331 793 354 832 l.
370 806 404 832 2.
419 793 488 832 Καὶ
501 791 596 845 διε.)
612 792 761 832 Confer
776 792 874 832 infra
888 795 1003 834 Maca.
1018 806 1052 834 e.
1065 796 1128 835 26.
1143 794 1303 836 SOLAN.

119 851 194 885 ead.
209 846 233 886 l.
250 842 462 900 3.”Ωχετο)
476 849 511 886 Ε
527 847 681 886 cubiculo
693 848 788 886 exiit.
801 847 942 887 BROD.

119 902 194 939 ead.
206 900 229 939 l.
245 901 282 939 6.
298 900 446 954 Σιέλῳ)
460 901 512 940 At
526 899 623 940 infra
634 900 759 952 Ἀλεξ.
773 914 807 940 c.
821 915 864 940 21
883 915 932 940 m.
948 900 985 940 in
1003 901 1085 941 edd.
1104 902 1242 956 legitur
1261 904 1346 944 σιά.

65 964 132 1004 λῳ.
148 953 289 1006 Quare
311 955 353 994 &
372 955 434 994 hic
455 954 584 994 forsan
597 954 648 994 sic
668 955 886 1007 legendum.
907 955 1065 995 Interim
1085 959 1175 1009 quia
1193 970 1346 998 utrum-

67 1020 145 1060 que
156 1008 258 1048 re&e
269 1009 419 1056 dicitur,
430 1009 627 1062 vulgatam
639 1008 719 1047 non
733 1010 868 1056 movi,
881 1011 970 1063 quia
982 1022 1063 1049 non
1081 1012 1177 1051 tanti
1190 1013 1256 1052 est.
1269 1014 1346 1054 He-

63 1061 171 1114 sych.
187 1064 340 1112 Σίαλος,
353 1063 486 1110 amoc,
504 1063 627 1115 ἀφρός.
642 1063 792 1101 Rmz.

118 1118 193 1155 ead.
208 1117 231 1155 l.
248 1130 283 1167 7.
299 1117 568 1170 Δακρὺσασοι)
589 1117 649 1156 Ex
674 1118 894 1156 variatione
913 1116 1088 1158 lectionis
1103 1117 1273 1173 suspicor
1287 1121 1344 1166 le·¹

64 1171 233 1223 gendum
245 1171 476 1223 ἒοικρὺουσοι,
491 1171 599 1225 quod
612 1181 782 1224 utroque
795 1171 918 1210 altero
931 1172 1092 1224 planius.
1105 1173 1255 1216 Rmz.

119 1229 194 1265 ead.
209 1226 232 1263 l.
246 1215 357 1265 8va
372 1225 402 1264 εἰ
415 1227 507 1272 λαβ.
522 1226 538 1274 )
560 1226 725 1265 Scelerum
732 1225 884 1277 suorum.
891 1241 1021 1278 poenas
1034 1229 1077 1264 ab
1098 1229 1152 1266 his
1163 1231 1340 1282 exigerem.

64 1290 132 1318 aut
145 1279 220 1319 hoc
236 1289 302 1318 aut
313 1279 531 1319 huiusmodi
545 1280 739 1332 quidpiam
753 1279 1110 1333 subintelligendum
1123 1282 1187 1323 est.
1201 1284 1345 1323 Bizon,

116 1333 153 1371 in
169 1334 285 1373 Schol.
307 1334 371 1373 col.
392 1347 423 1372 1.
438 1335 463 1373 l.
487 1349 525 1383 4.
547 1333 738 1387 Πτύελον)
757 1338 830 1373 HT.
854 1336 1113 1388 πταριέιμενος
1132 1336 1176 1376 C.
1197 1351 1345 1391 prave,

63 1385 196 1427 forsan
210 1386 393 1440 scripserit
409 1389 663 1438 στησάμενος.
677 1389 837 1428 SOLAN.

118 1441 212 1493 Pag.
228 1455 297 1494 191
307 1472 315 1481 .
328 1443 352 1481 l.
367 1456 401 1482 2.
414 1444 462 1480 Tb
476 1441 531 1482 νῦν
553 1442 591 1481 θ’
604 1441 726 1495 ἕχον)
746 1445 802 1481 Ut
820 1454 929 1481 autem
948 1459 998 1490 περ
1012 1443 1088 1495 fist
1102 1459 1193 1485 nunc
1206 1447 1340 1486 hahent.

62 1495 203 1535 BROD.
226 1496 390 1548 Legend.
403 1496 569 1545 videtur,
581 1499 624 1534 τὸ
642 1496 688 1536 ὃὲ
705 1495 763 1536 νῦν
776 1496 875 1549 ἔχων
886 1496 942 1546 μὴ
959 1496 1149 1551 διάτριβε.
1164 1500 1269 1539 Nota
1282 1502 1347 1540 vis

63 1549 181 1590 huius
195 1550 380 1604 participii
395 1563 483 1590 cum
495 1550 633 1590 verbo.
648 1550 775 1591 GEsN.
791 1552 847 1590 Ut
861 1550 976 1590 Gesn.
991 1553 1175 1599 coniecit,
1194 1554 1232 1592 in
1247 1555 1345 1594 duo-

62 1603 135 1644 bus
144 1603 230 1644 Mff.
243 1615 347 1652 erat;
362 1603 453 1658 ἔχον
467 1618 565 1644 vere
577 1604 754 1644 constans
764 1604 831 1651 est,
842 1618 913 1645 nec
926 1606 1178 1646 movendum.
1189 1608 1341 1648 Rmz.

119 1661 193 1698 ead.
208 1660 232 1698 l.
251 1671 282 1711 5.
295 1657 371 1708 Κᾷν
386 1658 536 1712 δοῦλον)
550 1659 610 1699 Sic
625 1660 861 1699 Homericus
873 1659 1043 1699 Achilles
1055 1659 1130 1700 Od.
1141 1666 1182 1700 A.
1198 1663 1343 1703 BROD.

120 1715 193 1752 ead.
207 1714 230 1752 l.
241 1727 279 1761 7.
292 1716 338 1751 Tb
353 1712 479 1766 ξύλον)
498 1716 593 1765 Quo,
608 1713 676 1752 nifi
689 1713 874 1766 cymbam
887 1713 1133 1763 conscendas,
1147 1718 1344 1768 vapulabis.

65 1766 206 1807 BROD.
221 1766 338 1807 Conf.
354 1766 466 1820 supra
483 1782 515 1809 c.
536 1783 561 1817 4
583 1781 639 1821 pr.
654 1767 694 1807 &
713 1781 793 1807 non
808 1768 921 1807 semel
936 1768 1037 1807 alibi.
1057 1769 1216 1809 SOLAN.

119 1825 191 1861 ead.
206 1822 230 1859 l.
252 1835 308 1861 10.
322 1825 386 1862 Τὸν
397 1822 522 1876 ssfm)
538 1822 738 1874 Cynicum
752 1821 945 1874 designare
958 1823 1124 1863 videtur.
1138 1824 1296 1864 SOLAN.

119 1877 200 1915 ibid.
219 1879 318 1916 XAP.
328 1876 494 1930 Ἀμέλει)
508 1876 568 1916 Sic
589 1876 935 1930 interpungendum
951 1877 1145 1917 duximus.
1168 1878 1343 1919 Iudicent

65 1929 139 1970 alii.
154 1930 349 1982 Scriptura
361 1931 549 1976 omnium,
566 1942 767 1983 quotquot
781 1931 913 1970 videre
926 1931 1050 1976 licuit,
1066 1932 1261 1978 codicum,
1276 1934 1343 1972 ali-

63 1995 143 2033 ter,
157 1997 318 2037 nempe,
335 1983 529 2036 ἀσφαλῶς
544 1985 688 2036 ἀμέλει.
711 1986 819 2024 Haec
841 1998 929 2024 cum
950 1983 1172 2038 scripfiffem
1186 2016 1199 2032 ‚
1224 1987 1340 2027 video

63 2038 227 2079 vorstio
242 2039 372 2078 eadem
389 2038 586 2092 placuisse,
601 2039 669 2091 qui
685 2039 843 2092 margini
857 2037 914 2078 sui
934 2040 1074 2078 codicis
1096 2039 1190 2080 haec
1204 2040 1342 2080 adscri-

64 2092 136 2147 ps1t
151 2109 159 2133 :
176 2094 231 2133 hic
244 2108 332 2145 pone
352 2109 477 2132 novam
493 2094 682 2145 perfimam.
702 2093 749 2132 Et
767 2094 929 2133 omnino
947 2094 986 2132 in
1006 2092 1046 2132 P.
1070 2093 1233 2146 legitur,
1255 2108 1339 2135 non

64 2147 218 2200 quidem
232 2151 331 2187 ΧΑΡ.
351 2148 409 2187 uti
423 2148 550 2201 primo
565 2148 809 2188 coniecerant
823 2178 834 2195 ‚
852 2146 913 2187 sed
932 2152 1010 2186 ΚΥ.
1027 2146 1184 2186 50].ΑΝ.
1201 2148 1342 2196 ’Λα-φα.

64 2200 153 2241 λῶς.
171 2202 307 2253 Χάρων.
320 2202 454 2252 ἀμέλει
469 2202 672 2255 legendum
688 2202 884 2242 contendit
896 2201 1072 2243 Solanus,
1090 2203 1132 2242 δι
1145 2202 1229 2255 post
1249 2203 1345 2253 del-‹2²2-

67 2266 123 2295 λει
134 2256 214 2295 duo
222 2254 363 2310 puncta
374 2255 617 2310 apposuerat,
630 2262 707 2296 KT.
719 2256 944 2296 adscribens.
958 2254 1122 2294 Frustra.
1135 2257 1234 2295 Nam
1247 2257 1341 2308 ἐμέο

64 2321 121 2350 asu
136 2310 403 2350 adverbialiter
420 2311 484 2349 hic
500 2310 761 2364 accipiendum
774 2341 788 2357 ‚
802 2323 877 2364 pro
893 2311 1050 2349 nimirum
1061 2340 1075 2356 ,
1091 2322 1134 2350 ut
1151 2309 1225 2363 seq.
1240 2324 1271 2351 c.
1289 2325 1339 2359 14

45 2392 49 2395 κ
66 2363 151 2416 post
165 2364 262 2403 med.
274 2363 350 2402 Vel
363 2375 407 2404 ut
419 2377 504 2417 cap.
522 2365 566 2402 18
579 2396 592 2412 ,
609 2365 745 2415 ἀμέλει
757 2363 963 2418 γράψομαί
977 2378 1019 2403 σε
1033 2365 1258 2417 παρανόμων
1272 2366 1338 2405 ἐστὶ

68 2417 136 2457 τοῦ
150 2417 442 2468 Ῥαέειμίινθυος.
453 2419 531 2459 Ubi
546 2419 712 2458 vertitur
726 2419 763 2458 in
777 2418 860 2458 Par.
878 2420 971 2470 Age,
989 2433 1062 2471 age‚
1079 2431 1119 2456 ut
1133 2420 1234 2465 lubet,
1245 2420 1339 2472 equie

67 2474 140 2511 dem
155 2472 215 2510 tibi
236 2474 320 2511 diem
342 2473 450 2511 dicam
472 2475 569 2526 apud
579 2474 895 2513 Rhadamanthum.
917 2474 1007 2512 Non
1023 2473 1144 2522 male,
1168 2475 1274 2526 quod
1292 2474 1339 2512 ad

66 2525 213 2564 sensum
225 2556 237 2571 ,
254 2539 325 2566 nec
338 2537 465 2566 tamen
483 2526 648 2580 praecise
661 2527 706 2565 ad
718 2526 892 2574 Graeca,
910 2539 1010 2580 quae
1023 2528 1239 2567 orationem
1255 2539 1337 2566 non

58 2578 280 2632 ‘dispescunt
292 2581 331 2620 in
343 2581 423 2621 duo
436 2581 620 2622 membra.
633 2580 783 2625 Rau-2,
