2015 3490
191 285 261 330 IN
278 284 407 331 PRO
424 281 618 330 LAPSU
639 255 836 328 INTER
859 279 1208 328 SALUTAND.
1251 283 1340 346 589

78 368 125 409 1..
138 369 243 409 &etl
258 370 366 409 Fl.In
380 371 531 409 Commel.
549 370 587 410 &
599 371 688 409 Bon.
705 365 1176 409 εάἀ.Οςε]1ἰ”Ωκελλος.Ιο
1186 370 1342 424 reliquis

77 423 161 464 ,fere
178 424 336 462 Luciani
351 424 433 462 edd.
447 424 623 463 Οἳκελλος
637 423 818 463 scribitur.
839 423 998 462 SOLAN.

135 477 217 516 ibid.
231 476 286 526 Τῷ
304 476 474 526 Λευκανῷ
485 476 501 528 )
524 477 674 515 Natione
692 477 842 515 Lucano.
858 476 1007 530 ABROD.

135 533 207 568 ead.
224 531 247 568 l.
262 543 298 580 7.
320 529 419 568 Οὔτε
438 533 481 568 τὶ
495 531 653 582 χαίρειν,
676 530 759 568 οὔτε
774 532 817 567 τὸ
837 526 875 567 εὖ
891 531 972 580 πρ.)
991 530 1134 568 Locum
1157 530 1281 577 hunc,
1302 531 1342 570 in

82 583 246 635 vulgatis
269 583 467 631 mutilum,
491 583 720 622 restituimus
741 596 790 622 ex
807 581 890 621 Mff.
912 583 1033 636 Regg.
1053 596 1154 636 2954
1169 584 1207 623 δι
1228 598 1297 637 301
1311 598 1344 625 1.

84 637 172 676 Vid.
189 638 283 675 Var.
306 636 424 676 Lectt.

136 693 208 729 ead.
222 690 246 730 l.
268 703 304 742 9.
323 689 369 728 Οἱ
393 688 463 728 ἀπ’
476 687 618 742 αὑτοῦ)
642 690 766 728 Omnes
775 691 847 742 post
859 704 930 727 eum
944 689 1182 742 Pythagorici.
1198 690 1338 731 BROD.

136 745 208 781 ead.
221 745 244 781 l.
264 757 319 795 ¹3·
340 742 438 794 Τόγε
450 743 647 796 τριπλοῦν)
663 742 866 796 Descripsit
882 743 976 781 haec
990 744 1108 781 verba
1120 743 1344 785 Scholiastes

82 795 278 849 Aristoph.
291 796 335 834 ad
346 797 449 836 Nub.
466 796 534 849 163
550 798 598 836 A.
618 797 704 842 Sed,
723 807 766 835 ut
783 809 918 836 verum
934 794 1066 841 fatear,
1081 796 1181 835 haud
1199 809 1246 835 ex
1263 810 1344 838 arte

83 850 277 889 Lucianus
292 850 388 888 hanc
399 849 559 902 figuram
578 848 800 902 descripsisse
816 850 978 889 videtur.
994 848 1243 902 Quamquam
1258 852 1344 904 pin-

84 904 149 955 gui
163 934 173 950 ‚
189 915 231 943 ut
242 904 348 942 aiunt
358 933 368 949 ‚
388 904 566 943 Minerva
579 904 765 956 loquenti,
776 903 896 942 tribus
907 901 1051 942 constat
1064 904 1261 955 triangulis
1276 918 1346 944 ae-

83 957 279 1010 qualibus,
299 957 350 995 ita
369 957 446 996 alio
460 956 522 995 alii
542 955 828 1009 superimposito
840 986 851 1004 ,
870 966 915 995 ut
928 957 1057 1008 aequis
1076 955 1202 1008 spatiis
1215 958 1343 1010 anguli

303 1010 352 1048 ab
366 1011 512 1062 angulis
523 1010 668 1049 distent.
681 1011 831 1049 Verum
847 1011 1166 1062 age‚geometrice
1179 1010 1251 1049 iam
1266 1013 1348 1051 eius

302 1063 621 1103 construffionem
637 1064 777 1116 accipe.
792 1063 872 1102 Fiat
886 1073 1145 1116 pentagonum
1158 1078 1170 1111 3
1186 1077 1284 1116 quae
1297 1079 1346 1105 ex

303 1118 507 1170 pentagoni
519 1119 695 1170 utrinque
709 1116 901 1169 produelis
914 1116 1094 1155 lateribus
1103 1115 1225 1168 figura
1240 1119 1345 1158 orie-

301 1182 381 1216 tur,
398 1184 442 1211 ea
457 1170 522 1217 est,
537 1184 654 1224 quam
667 1181 769 1209 tanta
782 1170 1030 1209 veneratione
1042 1171 1346 1222 prosequebatur

86 1221 338 1276 Pythagoras.
357 1224 564 1270 Formam,
586 1223 614 1263 fi
629 1237 696 1277 per
706 1223 971 1276 typographos
986 1224 1113 1271 liceat,
1134 1225 1171 1261 in
1185 1224 1345 1265 Scholiis

84 1278 287 1317 exhibebo.
298 1278 400 1317 Vide
414 1277 636 1318 numismata
649 1277 835 1316 Demetrii
844 1277 1002 1322 Soteris,
1013 1277 1049 1315 in
1061 1278 1201 1329 quibus
1212 1278 1348 1325 exstat,

86 1328 148 1369 sed
160 1331 271 1380 male,
291 1344 333 1371 ut
345 1333 498 1384 opinor,
512 1332 554 1371 δι
568 1331 725 1384 ἀερὶξὶει,
739 1332 778 1370 &
792 1344 812 1369 a
829 1331 942 1369 Lazio
955 1331 1156 1383 explicata.
1172 1331 1262 1371 AG.
1276 1333 1345 1381 lX,

92 1384 203 1437 1378.
212 1385 368 1424 Sol-AN.
383 1387 574 1437 Pentalpha
585 1387 700 1424 etiam
713 1395 879 1424 vocatur
890 1385 963 1423 hoc
974 1395 1247 1436 pentagonum,
1262 1400 1346 1438 quo

85 1439 247 1477 nomine
267 1452 389 1491 nuper
402 1440 446 1478 ad
468 1439 722 1478 illustrandam
737 1438 818 1477 eius
832 1437 962 1477 literae
978 1437 1135 1489 figuram
1152 1440 1347 1491 antiquam

87 1491 264 1531 exhibuit
277 1493 324 1531 cl.
344 1493 636 1545 Havercampus
660 1492 724 1545 (de
741 1491 878 1530 literar.
899 1504 957 1544 ap.
968 1490 1146 1530 'Graecos
1169 1491 1287 1544 script.
1305 1494 1348 1534 &

87 1543 157 1584 usu
171 1557 206 1585 n.
227 1559 294 1594 14,
315 1558 363 1585 ex
379 1546 510 1586 Alber.
527 1549 572 1586 de
586 1547 621 1585 la
636 1547 821 1596 Motraye
841 1545 956 1584 Tom.
978 1544 1018 1583 L.
1041 1545 1138 1584 Tab.
1155 1546 1346 1595 XXVIII,

13 1618 21 1633 »
87 1610 195 1637 num.
208 1599 260 1653 3.)
271 1612 469 1639 nummum
479 1600 749 1651 Pitanatarum,
760 1600 834 1638 huc
843 1600 957 1638 etiam
974 1597 1223 1645 referendum,
1240 1602 1347 1653 quod

87 1652 127 1690 in
141 1665 189 1692 eo
203 1653 427 1704 explicando
442 1667 581 1706 aquam
597 1654 664 1692 sibi
683 1653 840 1692 haerere
855 1651 1005 1691 fatetur.
1028 1652 1214 1692 Pitanatas
1232 1656 1347 1705 igitur

86 1717 160 1745 nos
171 1707 414 1759 intelligimus
427 1708 465 1746 in
476 1708 678 1752 Laconica,
694 1707 794 1759 apud
807 1719 906 1757 quos
917 1705 1064 1745 cultum
1079 1705 1347 1760 Aesculapium

88 1759 202 1800 docet
221 1760 416 1801 Pausanias
437 1761 577 1801 Lacon.
593 1775 628 1813 p.
647 1775 712 1814 95,
728 1774 773 1811 25
791 1761 932 1799 Wech.
947 1759 1015 1797 Καὶ
1033 1762 1190 1799 πλησίον
1209 1763 1347 1811 ὄνομα-

89 1815 218 1864 ζομένη
235 1817 364 1864 λέσχη
379 1814 573 1866 Κροτανῶν.
597 1815 673 1854 Εἰσὶ
688 1814 733 1853 s‘e
746 1813 774 1852 οἱ
796 1811 964 1865 Κρότανοι
984 1812 1205 1853 Πιτανατῶν
1224 1815 1348 1868 μοῖρα.

88 1867 318 1907 Ἀσκληπιοῦ
335 1867 380 1906 δὲ
394 1865 431 1908 εὖ
447 1868 566 1919 πόῤῥω
578 1867 643 1907 τῆς
658 1869 805 1918 λέσχης
820 1868 921 1906 ἔστιν
937 1866 1033 1918 ἱερὸν.
1057 1866 1176 1918 Igitur
1197 1868 1346 1908 Pental-

88 1922 163 1973 pha
175 1921 265 1960 illud
280 1922 442 1973 Hygeae
455 1951 466 1966 ,
486 1921 702 1975 Aesculapii
714 1921 776 1976 yel
789 1921 958 1960 muneris
971 1920 1032 1958 vel
1045 1920 1145 1959 filiae
1156 1950 1167 1969 ‚
1188 1921 1348 1972 symbo-

88 1975 169 2014 lum
180 1975 240 2014 hic
253 1988 423 2028 quoque.
443 1974 515 2015 Sed
529 1977 677 2026 quaerit
690 1978 802 2014 etiam
817 1974 876 2012 vir
890 1974 1025 2014 doftus
1037 2005 1048 2020 ,
1069 1975 1158 2026 quid
1174 1975 1348 2016 Ammon

89 2028 261 2081 Iuppiter
274 2029 334 2068 hic
350 2028 418 2068 fibi
438 2028 555 2068 velit?
576 2029 692 2068 Hunc
707 2040 864 2081 quoque
881 2028 1024 2067 cultum
1037 2027 1163 2066 scribit
1174 2029 1210 2066 in
1225 2030 1349 2070 Laco·

89 2083 185 2127 nica,
202 2081 519 2135 Lysandrumque
533 2082 613 2122 eius
625 2084 678 2121 rei
692 2081 717 2121 s.
732 2083 892 2135 primum
907 2081 930 2120 s.
949 2081 1030 2133 post
1046 2082 1137 2120 alios
1149 2083 1346 2123 aii&orem

89 2136 231 2179 laudat,
244 2136 340 2175 idem
353 2135 552 2175 Pausanias
563 2136 705 2175 Lacon.
721 2150 759 2188 p.
777 2149 864 2183 100,
880 2148 937 2174 10.
952 2134 1133 2174 Ceterum
1150 2136 1281 2175 manfit
1291 2136 1350 2176 su-

90 2189 261 2242 perstitio
275 2191 372 2228 inter
386 2190 546 2229 Iudaeos
558 2191 598 2229 δι
608 2189 859 2228 Christianos:
876 2188 1081 2228 Germania
1099 2188 1270 2241 superior
1284 2204 1349 2243 ap·

92 2243 207 2295 pellat
216 2243 475 2295 Pentagonum
486 2244 577 2283 illud
589 2246 649 2283 den
660 2239 1006 2294 DruidenfussNid.
1014 2243 1212 2294 elegantiff.
1224 2245 1348 2294 Keys-

89 2297 206 2345 lerus,
220 2298 364 2336 amicus
377 2309 497 2343 meus,
511 2298 714 2350 Antiquitt.
731 2297 927 2348 Septemtr.
946 2310 980 2348 p.
999 2309 1082 2348 503.
1096 2296 1222 2336 GESN.
1237 2297 1347 2349 Quia

90 2362 274 2389 nummus
287 2350 526 2399 Πιτανατῶν,
538 2363 653 2403 quem
669 2350 713 2390 cl.
728 2349 920 2390 Gesnerus
933 2363 980 2389 ex
990 2351 1259 2402 Havercampo
1271 2354 1348 2391 huc

91 2403 220 2450 refert,
235 2404 394 2443 eandem
412 2403 573 2456 figuram
586 2405 720 2450 habet,
746 2416 844 2456 quae
856 2401 966 2455 supra
983 2403 1056 2442 iam
1077 2403 1257 2456 descripta
1276 2405 1350 2457 est,

91 2457 180 2495 ideo
192 2469 393 2496 nummum
411 2457 534 2510 ipsum
550 2458 611 2498 hic
626 2471 703 2497 non
719 2457 953 2496 exhibemus.
971 2456 1114 2495 RErrz.
1341 2462 1343 2464 ’

98 2540 101 2543 ,
148 2511 237 2562 Pag.
252 2524 321 2562 29¹
331 2541 339 2548 .
354 2511 379 2549 l.
397 2524 427 2548 ι.
449 2511 692 2566 Ὁμοὲόξους)
720 2512 790 2562 Qui
810 2514 943 2550 eandem
957 2510 1144 2565 fiquusztur
1168 2511 1349 2551 dominam

91 2575 190 2617 atque
201 2565 357 2616 haeraefin.
381 2564 521 2605 BRoD.
