2015 3490
617 242 707 292 594
815 208 1753 279 ANNO'TATIONP'IS‘

655 319 724 349 ead.
740 317 766 349 l.
777 315 881 348 12:1²„
894 315 985 358 ’1504‘ss
992 317 1006 360 )
1021 316 1218 350 Plutarchus
1231 317 1266 350 in
1282 316 1485 350 Alexandro.
1501 318 1624 351 Bam).
1645 319 1728 352 eod.
1743 318 1833 355 Hor.
1845 318 1876 356 ἕν

612 359 715 393 *hra-
731 361 882 394 Bonan.

656 394 725 437 ea'd.
737 405 762 437 l.
775 415 825 446 13.
842 403 976 443 Edmvivc
991 402 1004 434 ὀ
1023 398 1149 446 Korpd.)
1165 403 1363 436 Cardianum
1377 404 1476 439 fuiffe
1492 405 1688 447 Eumenem,
1702 407 1875 442 Plutarch.

614 448 649 481 in
663 449 701 480 C.
713 449 846 492 Nepote
863 448 987 491 aliique
1000 447 1119 480 diserte
1129 448 1276 481 tradunt.
1291 443 1457 490 Σαρδιανὸς
1470 458 1578 482 tamen
1592 451 1625 482 in
1644 452 1798 485 omnibus
1810 453 1874 485 Lu-

615 492 704 523 ciani
721 492 890 524 codicibus
905 492 1039 535 legitur.
1063 492 1133 535 Ego
1151 491 1238 524 haud
1254 493 1447 526 canstanter
1460 495 1611 534 mutavi,
1625 495 1778 538 idemque
1794 505 1875 530 ante

614 547 668 569 me
681 535 818 568 Vorstio
838 534 995 578 placuisse
1009 535 1120 567 video.
1134 537 1196 579 Ap.
1215 537 1345 569 Aelian.
1363 539 1442 570 Var.
1457 536 1540 568 Hist.
1559 538 1623 576 111,
1638 549 1691 581 23,
1711 541 1810 572 etiam
1822 552 1877 573 re·

617 580 669 613 &e
683 580 813 622 quidem
835 574 1004 621 Καρδιανὸς
1017 579 1139 623 legitur
1151 604 1160 620 ,
1175 579 1232 612 sed
1247 592 1365 613 nomen
1381 581 1538 613 Eumenis
1555 581 1589 613 in
1605 575 1638 613 εἴ
1649 582 1705 622 μὲν
1719 584 1752 614 in
1766 586 1878 616 omni-

613 624 678 656 bus
691 622 794 656 seculi
806 624 887 656 XVI
898 623 968 656 edd.
982 632 1145 657 mutatum
1155 622 1220 661 est3
1234 625 1324 666 quod
1336 636 1354 656 a
1369 625 1613 658 recentioribus
1623 627 1810 659 editoribus
1822 627 1877 660 se·

615 668 697 700 dulo
708 666 896 700 restitutum
910 667 965 702 est.
981 666 1117 711 Scripsit
1130 667 1291 701 Eumenes
1307 669 1362 701 hic
1374 668 1585 712 Ephemeridcs
1597 669 1780 704 Alexandri.
1794 671 1874 708 Vid.

615 712 741 746 Athen.
755 712 784 743 X
796 737 805 751 ‚
817 723 848 755 9.
867 712 943 743 Fuit
962 721 1073 744 autem
1091 712 1178 744 inter
1191 713 1331 745 comites
1347 712 1405 746 seu
1419 713 1519 745 duces
1535 713 1608 746 eius
1621 714 1675 746 vir
1687 716 1785 758 plane
1801 716 1879 749 ium-
1941 714 1953 734 '⁸'

620 754 695 787 stris
709 781 716 793 .
737 756 834 788 cuius
852 756 957 788 vitam
978 757 1053 789 ideo
1074 756 1171 788 nobis
1184 757 1322 798 reliquit
1334 755 1448 800 Nepos
1469 757 1502 789 δε
1517 756 1728 792 Plutarchus.
1741 759 1878 792 Cardia-

616 810 682 832 nus
694 799 817 831 dicitur
832 801 871 832 ab
888 799 1012 842 oppido
1025 800 1188 832 Thraciae
1201 801 1235 831 in
1247 799 1455 833 Chersoneso
1467 827 1476 841 ,
1491 801 1582 844 quod
1595 802 1713 834 Cardia
1731 805 1877 836 vocabaa

616 852 685 876 tur.
698 844 788 876 Haec
803 844 905 877 Periz.
920 844 958 875 ad
972 845 1044 876 Ael.
1058 845 1080 877 1.
1099 856 1128 875 c.
1145 845 1240 875 SOLA
1248 855 1282 876 N.
1303 844 1381 877 Edd.
1397 840 1573 887 Σαρδιανὶς,
1587 857 1648 878 nec
1659 847 1756 880 aliter
1768 847 1874 881 Codd.

616 888 710 920 Atin
724 889 916 920 nominibus
929 888 1074 931 propriis
1086 913 1095 926 ‚
1115 887 1138 919 fi
1153 888 1293 921 Codices
1308 888 1542 928 consentiunt}
1558 901 1627 922 non
1642 889 1769 934 semper
1784 892 1879 935 cogi-

617 932 756 965 tandum
767 957 776 971 ,
790 933 940 966 austeres
959 934 1059 965 aliter
1076 931 1235 975 scripfiffe
1246 956 1255 971 ,
1273 931 1332 965 etsi
1348 944 1446 965 error
1460 934 1493 965 in
1508 934 1641 966 nomine
1655 934 1880 978 deprehenda-
1942 924 1957 950 ‘m

616 985 692 1008 tur:
707 988 779 1008 nam
796 976 829 1009 &
844 976 1024 1016 μνκμονικὶν
1039 975 1209 1018 ἁμάρτημα
1223 975 1323 1018 ipfius
1337 977 1482 1010 austoris
1496 976 1561 1011 effe
1574 979 1700 1020 potuit,
1717 981 1815 1022 quale
1830 978 1878 1013 est

617 1020 794 1053 Ciceronis
808 1021 841 1052 in
862 1021 958 1054 Orat.
979 1032 1040 1064 pro
1056 1020 1204 1063 Ligario,
1223 1021 1315 1064 quod
1328 1020 1397 1063 ipse
1417 1021 1557 1064 corrigit
1573 1024 1605 1054 in
1625 1021 1722 1065 Epist.
1747 1023 1786 1055 ad
1803 1027 1876 1057 Att.
1928 1035 1929 1038 ’
1960 1020 1963 1021 ⁷

619 1064 698 1096 an
714 1089 721 1104 ,
734 1077 788 1105 44.
804 1065 845 1096 Et
858 1065 936 1096 alibi
949 1065 1081 1097 Aiacem
1094 1064 1239 1107 posuiffe
1250 1076 1310 1108 pro
1325 1065 1481 1107 Ηεὲὶοῐε,
1496 1066 1585 1100 Gen.
1600 1067 1676 1106 XV,
1688 1067 1720 1106 6,
1734 1067 1880 1100 animad-

618 1109 736 1141 vertit.
757 1109 853 1142 Plura
865 1108 1027 1141 eiusmodi
1038 1118 1190 1141 veterum
1204 1109 1421 1152 ἁμαρτήματα
1431 1111 1498 1142 vid.
1514 1121 1566 1153 ap.
1593 1111 1692 1144 Periz.
1714 1111 1749 1144 in
1765 1111 1880 1144 Anim-

623 1153 699 1185 adv.
714 1152 787 1185 hist.
802 1164 876 1196 pag.
890 1165 923 1195 7,
935 1155 965 1186 8.
982 1153 1046 1185 Hie
1057 1164 1139 1186 vero
1150 1154 1183 1184 in
1195 1165 1230 1186 re
1243 1162 1309 1185 tam
1325 1164 1405 1186 nota
1418 1165 1486 1186 non
1504 1155 1619 1197 potuit
1642 1165 1751 1188 errare
1762 1155 1881 1189 Lucia·-

621 1208 704 1230 nus:
725 1209 799 1229 nam
814 1198 991 1230 Eumenem
1005 1197 1202 1229 Cardianum
1214 1197 1310 1230 fuisse
1327 1199 1396 1230 vid.
1411 1200 1511 1231 etiam
1523 1210 1576 1242 ap.
1594 1199 1635 1232 C.
1653 1199 1738 1242 Nep.
1752 1199 1785 1231 in
1803 1201 1879 1234 eius

617 1242 711 1279 vita,
735 1241 846 1285 ibique
862 1243 895 1273 in
916 1250 1005 1274 nott.
1022 1241 1106 1273 Bofii
1120 1242 1300 1285 cognosces
1321 1242 1433 1274 itidem
1448 1243 1601 1275 librarios
1616 1242 1773 1287 quosdam
1789 1246 1875 1279 male

617 1284 790 1317 Sardianus
803 1284 997 1319 exaravisse.
1020 1286 1081 1318 Sed
1094 1284 1117 1317 fi
1136 1285 1262 1318 scribae
1277 1286 1398 1319 Graeci
1420 1297 1461 1319 ex
1478 1286 1604 1319 Latinis
1623 1287 1718 1320 suum
1732 1299 1877 1322 errorem

619 1328 810 1370 hausissent,
822 1330 930 1362 facilis
944 1328 1057 1363 fuisset
1072 1331 1249 1369 aberratio,
1261 1331 1434 1374 antiquum
1449 1331 1491 1372 C,
1505 1331 1537 1363 id
1547 1331 1611 1370 est,
1621 1332 1721 1376 sigma
1734 1332 1881 1365 Graeco-

619 1385 714 1414 rum,
729 1385 803 1405 cum
818 1374 937 1407 Latino
953 1374 980 1406 C
992 1400 1001 1414 ,
1015 1375 1103 1418 quod
1118 1374 1172 1406 hic
1183 1374 1214 1406 K
1228 1374 1342 1413 sonat,
1361 1375 1659 1416 confundentium,
1674 1375 1759 1409 &ex
1774 1376 1879 1409 CAR-

621 1419 732 1451 DlAN
739 1418 787 1450 US
803 1413 966 1461 (Σαριῖιανὶς
977 1418 1184 1461 facientium.
1201 1419 1372 1462 Quidquid
1386 1419 1425 1451 fit
1435 1444 1442 1458 ‚
1457 1420 1619 1453 correc'tio
1633 1421 1716 1453 mihi
1728 1420 1801 1455 visa
1811 1431 1879 1456 tam

623 1461 821 1503 neceffariav,
839 1472 877 1496 ut
890 1472 1018 1496 mutare
1030 1464 1200 1516 vulgatam
1213 1475 1281 1495 non
1295 1465 1529 1497 dubitaverim.
1543 1465 1676 1497 Rmrz.

618 1551 644 1584 B
664 1506 744 1551 Pag.
757 1518 830 1551 294.
845 1509 870 1541 l.
883 1519 934 1542 12.
945 1507 1032 1540 Ἀντὶ
1045 1520 1102 1540 του
1116 1505 1282 1553 ἐρ’ῥῖὶσθαι)
1297 1507 1417 1544 Graeci
1430 1509 1517 1542 enim
1530 1506 1636 1551 Z'p'pmo
1649 1507 1876 1546 subscribunt.

648 1560 744 1585 aon.

667 1598 736 1628 ead.
748 1597 771 1630 l.
785 1607 797 1628 1
807 1607 837 1638 3.
852 1591 1093 1639 Διονυσὲδωρος)
1105 1596 1156 1629 De
1167 1596 1231 1628 hoc
1241 1595 1418 1639 scriptore,
1432 1595 1454 1628 fi
1468 1596 1600 1640 quidem
1613 1596 1758 1640 scriptor
1769 1597 1871 1631 etiam

622 1639 746 1678 fuerit,
762 1641 846 1673 nihil
857 1651 919 1684 ego
932 1641 1064 1684 quidem
1080 1641 1261 1684 comperio.
1281 1642 1417 1673 Sor-Ax·

666 1687 736 1717 ead.
753 1687 777 1718 l.
792 1697 842 1726 14.
856 1683 975 1727 Πύβρου
989 1685 1045 1717 τοῦ
1057 1684 1268 1727 Ἤπειρωτου)
1283 1687 1334 1718 Dc
1347 1697 1415 1729 quo
1428 1682 1543 1718 lustin.
1559 1684 1596 1716 L.
1609 1684 1735 1717 XVIII.
1751 1684 1890 1721 COGN.
1946 1684 1949 1693 ⁴

667 1728 747 1773 Pag.
759 1741 832 1772 295.
846 1730 907 1770 l.5.
925 1725 1026 1763 Οὗῦἓν
1038 1729 1110 1773 Εφ.)
1123 1729 1266 1762 Videtur
1277 1731 1316 1762 ad
1330 1729 1529 1763 sententiam
1545 1729 1632 1761 illam
1645 1729 1708 1761 Coi
1724 1727 1823 1769 senis,
1836 1729 1876 1764 L.

623 1773 672 1805 Ill
686 1774 725 1806 de
738 1774 860 1811 diaeta,
878 1774 1040 1809 alludere:
1061 1770 1144 1807 οὖᾶὲν
1167 1773 1277 1814 ὄφελός
1295 1773 1384 1813 ἐότιν,
1407 1776 1475 1806 οὔτε
1493 1772 1670 1815 χρημάτων,
1691 1772 1759 1807 οὔτε
1771 1774 1877 1814 σώμαι-

622 1831 683 1857 τες,
699 1818 766 1851 οὔτε
777 1819 836 1851 τιῖν
850 1816 951 1851 ἄλλων
962 1814 1087 1858 afuisset,
1099 1820 1168 1861 ἔτερ
1181 1818 1235 1854 τῖς
1248 1817 1380 1860 ὑγιείαις-
1395 1820 1452 1851 VO
1459 1828 1541 1852 RST·

666 1866 735 1897 ead.
753 1866 777 1895 l.
791 1855 928 1895 6.”Εστ’
942 1863 978 1895 ἂν
993 1864 1027 1896 τὸ
1045 1861 1195 1905 ὑγιῳίνειν
1208 1864 1223 1908 )
1238 1864 1314 1896 Non
1331 1864 1445 1908 inepte
1464 1864 1500 1896 in
1514 1861 1674 1906 variantt.
1691 1860 1796 1909 Ῑςεὲζι.
1820 1873 1882 1893 no-

622 1915 754 1940 taverat
772 1908 932 1946 solanus,
950 1907 992 1941 fic
1013 1909 1205 1953 legendum,
1228 1918 1266 1940 ac
1285 1907 1565 1952 distinguendum:
1590 1903 1639 1937 ’ότι
1660 1904 1742 1937 οὐδὲν
1769 1913 1879 1945 οφελος

620 1954 678 1984 τῶν
692 1952 832 1983 ἀπάιτων
846 1951 972 1992 αἷγαθέν
982 1952 1056 1991 ἐστι,
1068 1953 1104 1985 ἂν
1116 1953 1151 1985 τὸ
1167 1951 1316 1993 ὑγιαίνειν
1327 1952 1412 1986 μόνον
1422 1952 1497 1993 ἆπὶἷ.
1506 1953 1589 1984 Nam
1602 1949 1660 1983 etfi
1671 1950 1775 1993 paulo
1786 1962 1879 1994 prae-

622 1997 744 2029 cedens
763 1997 846 2030 illud
864 1995 924 2028 ἔστ’
938 1997 972 2029 ἂν
986 1996 1071 2029 τοῦτ’
1084 1997 1140 2039 ξ’χφ
1156 1996 1242 2031 reste
1256 1996 1290 2030 se
1301 1997 1400 2030 habet
1412 2023 1421 2037 ‚
1435 1997 1489 2029 hic
1502 2005 1610 2028 tamen
1624 1995 1732 2026 minus
1747 2003 1877 2036 aptum.

625 2040 747 2073 Forsan
763 2050 870 2073 tamen
885 2041 950 2074 hoc
969 2041 1089 2075 fefellit
1099 2042 1272 2081 librarios,
1289 2042 1379 2084 quod
1392 2042 1442 2074 bis
1456 2041 1539 2073 idem
1553 2039 1668 2072 eodem
1686 2038 1784 2070 modo
1799 2038 1875 2072 scri·
1886 2049 1894 2058 '

622 2085 766 2119 bendum
781 2086 961 2120 crederent.
984 2086 1079 2120 Prius
1094 2095 1205 2119 autem
1223 2086 1307 2120 iilud
1327 2084 1539 2130 pleonasmus
1555 2083 1617 2122 est,
1633 2083 1742 2126 qualis
1757 2082 1826 2117 fere
1842 2084 1879 2117 in

623 2130 706 2161 Tab.
721 2131 836 2162 Cebet.
851 2142 882 2173 p.
898 2132 915 2164 8
927 2131 1061 2163 ed.Re1.
1075 2130 1150 2163 ἄλλ’
1163 2129 1254 2170 ἔστιν,
1269 2130 1336 2171 ξ’φκ,
1348 2127 1442 2165 oiim(
1453 2128 1567 2172 ἔχοντα
1576 2153 1584 2167 ,
1597 2131 1722 2160 omnino
1734 2139 1816 2166 vero,
1826 2130 1879 2160 in-

621 2176 685 2217 quit
696 2198 704 2211 ,
717 2175 887 2217 haccicafi
898 2175 1019 2207 babent.
1032 2175 1164 2208 Ram.

669 2220 737 2250 cad.
752 2220 776 2250 l.
788 2229 820 2260 9.
835 2213 938 2253 Μηδὲν
952 2218 1045 2263 ἄλλᾳ)
1058 2220 1132 2252 Hoc
1145 2219 1221 2251 vult
1232 2243 1241 2259 ,
1254 2219 1352 2254 credo
1366 2246 1375 2261 ,
1388 2218 1477 2263 quasi
1491 2218 1618 2250 iamiam
1630 2216 1810 2254 morituro,
1822 2226 1878 2247 va-

620 2264 649 2294 lc
666 2263 747 2295 illud
761 2264 844 2296 male
860 2264 1054 2296 ominatum.
1069 2264 1206 2296 SOLAN.
1594 2268 1599 2280 ¹

668 2306 747 2350 Pag.
759 2307 834 2348 296.
854 2309 878 2340 l.
893 2320 904 2340 l
915 2331 922 2337 .
932 2302 1038 2352 ‘'Oocp)
1055 2308 1107 2341 Cl.
1119 2306 1301 2342 Hemsterh.
1315 2308 1354 2340 ad
1372 2318 1471 2350 marg.
1490 2307 1540 2339 ed.
1559 2308 1683 2341 Graev.
1695 2305 1878 2354 allevem.

624 2351 709 2393 (vid.
726 2351 856 2384 Duker.
872 2354 912 2386 ad
922 2352 1074 2394 Thucyd.
1090 2365 1123 2396 p.
1136 2363 1212 2396 435,
1226 2364 1281 2384 no.
1298 2354 1342 2396 5.)
1363 2353 1399 2385 Id
1416 2352 1461 2385 est
1477 2352 1514 2385 ad
1535 2353 1592 2384 lib.
1606 2351 1653 2382 Vl
1665 2377 1673 2391 ,
1691 2351 1730 2391 89
1748 2347 1807 2382 fin.
1824 2349 1880 2398 lb}

621 2404 733 2429 autem
747 2395 908 2429 Dukcrus
923 2397 1052 2440 egregie
1064 2397 1181 2436 docet,
1198 2396 1270 2440 post
1282 2394 1355 2438 ’σἀφ,
1367 2398 1488 2436 μᾶλλην
1505 2394 1754 2438 intelligendum
1774 2394 1876 2425 reim*
1943 2426 1948 2431 ,

622 2441 697 2515 gui,
711 2441 809 2481 idque
826 2442 985 2482 exemplis
997 2453 1039 2473 ex
1053 2441 1190 2473 Luciani
1205 2441 1332 2474 Phalar.
1346 2453 1389 2473 ex
1403 2441 1467 2473 hoc
1478 2441 1566 2473 Dial.
1587 2451 1648 2483 pro
1663 2437 1758 2481 Laps·
1777 2435 1810 2468 &
1827 2447 1871 2468 ex

647 2483 793 2516 seudom.
814 2484 950 2535 aliisque
969 2486 1118 2528 quinque
1132 2497 1173 2518 ex
1189 2485 1342 2528 Thucyd.
1362 2486 1479 2528 petitis
1495 2484 1700 2527 comprobat.
1719 2482 1876 2530 Cumque
1933 2492 1944 2507 ι»

618 2539 680 2565 nec
693 2529 812 2565 ibidem
824 2554 833 2570 ,
848 2540 909 2563 nec
925 2541 959 2563 m
972 2529 1045 2564 aliis
1063 2542 1082 2564 a
1102 2541 1154 2566 me
1173 2530 1251 2567 alibi
1262 2529 1484 2575 producendis
1498 2529 1657 2573 exemplis
1670 2525 1742 2573 post
1751 2522 1818 2560 ‘52⁰¹
1835 2535 1873 2560 ¹¹²
