2015 3490
650 280 713 326 70
963 255 1617 304 LUCIANI

651 376 752 419 γην,
775 352 995 420 ἀνθρωπίνη
1017 347 1282 420 χρησάμενος
1300 373 1348 413 τη
1368 363 1491 416 τυχῃ
1517 354 1581 402 ὅτε
1601 342 1646 402 ὃε
1664 373 1742 402 και
1763 347 1924 411 ἐθητευζ
1966 356 1967 360 ’

651 451 721 480 σ-εν
742 430 778 478 ὲν
801 426 1044 494 Θετταλία
1061 447 1155 491 παρ
1188 425 1409 496 Ἀὃμητῳ,
1433 446 1511 476 και
1535 428 1572 476 ὲν
1594 427 1773 497 Φρυγία
1793 449 1921 499 παρα

652 497 927 570 Λαομέδοντι
950 522 1076 570 παρα
1095 499 1227 571 τούτῳ
1245 499 1322 569 μέν
1342 523 1398 566 ’γε
1420 525 1463 552 ου
1481 500 1622 570 μόνος,
1646 500 1782 553 ἀλλα
1802 523 1922 571 μετα
1966 556 1969 559 ,

651 601 722 629 του
697 573 1024 632 Ποσειδωνος,
1052 576 1284 667 αμφοτεροι
1313 574 1635 635 πλινθευοντες
1618 582 1692 628 υπ’
1702 582 1919 669 ἀπορίας,

651 672 730 703 και
751 651 1042 746 ὲργαζομενοι
1032 673 1070 708 ες
1084 675 1129 702 το
1148 675 1306 715 τειχος,
1325 650 1402 704 και
1419 654 1538 703 οὐδὲ
1528 666 1664 713 εντελη
1677 677 1741 704 τον
1757 650 1924 723 μιο-9ον

653 730 923 813 ἐκομιο-αντο
933 749 1060 799 παρα
1085 729 1155 778 τοῧ
1177 723 1370 800 Φρυγος,
1394 723 1529 779 ἀλλα
1557 739 1815 800 προο-ωΦλεν
1842 733 1924 779 αὐ·
1959 756 1966 768 =

607 822 627 868 5
653 826 735 859 τοις
753 799 883 854 πλέον
902 826 925 861 η
945 803 1191 874 τριάκοντα,
1216 816 1359 866 ‚coco-a,
1389 801 1597 875 ὃραχμας
1619 805 1832 875 Τρωϊκάς.
1852 795 1922 856 ‚xH

654 901 747 946 γαρ
769 882 812 928 οὐ
830 900 976 930 ταυτα
992 893 1323 972 σεμνολογουσιν
1344 885 1378 931 οἱ
1397 903 1567 940 ποιηται
1584 902 1675 952 περι
1690 904 1767 932 των
1782 878 1922 935 Sem,

653 978 734 1006 και
747 952 864 1006 πολυ
876 952 1024 1006 τοῦτων
1038 955 1226 1027 ἱερωτερα
1237 994 1248 1011 ,
1263 962 1361 1027 περί
1366 978 1412 1007 τε
1426 956 1678 1018 ΗΦαισ-του
1689 993 1701 1010 ,
1717 978 1794 1006 και
1772 953 1923 1028 Προ-

654 1028 833 1101 μηθέοος,
852 1053 930 1081 και
908 1028 1096 1102 Κρονου
1108 1069 1118 1086 ,
1138 1055 1215 1083 και
1233 1028 1378 1089 Ρεας,
1397 1055 1473 1083 και
1453 1028 1682 1094 ο-χεὸον
1657 1045 1755 1091 ολης
1769 1055 1840 1092 της
1851 1031 1924 1083 τοῧ

653 1105 761 1164 Διος
780 1111 934 1166 οἱκιάςς
956 1130 1033 1158 και
1053 1108 1198 1159 ταῦτα
1214 1104 1610 1197 παρακαλέσαντες
1629 1129 1710 1165 τας
1729 1105 1924 1165 luove-004·

653 1180 885 1254 συνῳὸους’
875 1205 911 1234 εν
931 1205 1059 1271 αρχη
1063 1207 1142 1235 των
1162 1183 1292 1239 ἒπων,
1319 1187 1397 1246 ὑΦ’
1416 1188 1467 1235 ὼν
1488 1177 1535 1244 dn
1556 1181 1670 1236 ἔνθεοι
1689 1205 1921 1252 γενομενοι,

652 1260 709 1317 ὡς
728 1283 772 1310 το
794 1256 899 1316 εἰκος
918 1296 930 1313 ,
967 1247 1209 1314 αδουσ-ιν,
1183 1283 1237 1317 ως
1260 1263 1278 1309 ὁ
1308 1281 1384 1328 μεν
1418 1259 1585 1331 Κρονος,
1613 1253 1757 1319 επειὸη
1787 1283 1923 1322 ταχι-

653 1358 745 1386 στα
764 1331 990 1402 ὲξέτεμε
949 1358 1014 1386 τον
1032 1331 1202 1406 πατέροο
1221 1358 1284 1386 τον
1301 1332 1510 1407 Οὐρανον,
1533 1331 1805 1395 ἐβοω-ιλευσε
1818 1358 1863 1386 τε
1884 1338 1923 1386 ὲν

653 1411 795 1482 αυτῷ,
810 1433 887 1461 και
906 1433 966 1461 τα
984 1433 1112 1462 τεκνα
1130 1409 1439 1471 κατησ9ιεν,
1408 1433 1552 1477 ωσπερ
1571 1415 1589 1461 ὁ
1606 1412 1794 1482 Ἀργεῖος
1807 1407 1925 1462 Θυε-

651 1510 766 1546 στης.
785 1483 943 1556 ὕστερον
962 1478 1035 1537 ὃε
1020 1511 1038 1536 o
1054 1484 1165 1544 Ζευς
1185 1484 1377 1544 κλαπεις
1391 1511 1474 1538 υπο
1491 1511 1560 1547 της
1574 1485 1698 1545 Ρεας
1714 1488 1924 1547 ὑποβαλ-
1951 1511 1965 1517 ·

650 1559 827 1632 λομένης
852 1585 916 1613 τον
943 1575 989 1613 λι
986 1563 1128 1617 9ον,
1117 1585 1155 1620 ες
1184 1587 1252 1624 την
1277 1560 1437 1635 Κρήτην
1464 1561 1717 1622 εκτε9εις,
1698 1587 1762 1615 υπ
1792 1561 1921 1628 οοὶγος

649 1691 872 1732 conditione
896 1702 1014 1745 atque
1029 1691 1130 1732 sorte
1151 1693 1209 1732 uti
1232 1691 1349 1731 iuffus
1370 1691 1434 1731 est.
1467 1692 1530 1732 Est
1551 1706 1650 1733 vero
1670 1694 1806 1740 etiam,
1832 1707 1924 1734 cum
1944 1720 1946 1722 v

647 1752 777 1793 servili
794 1753 1001 1794 ministerio
1013 1786 1024 1802 ,
1037 1755 1075 1793 in
1087 1753 1281 1794 Theffalia
1296 1754 1401 1808 apud
1413 1754 1622 1794 Admetum
1633 1786 1645 1802 ‚
1660 1756 1701 1795 δι
1712 1755 1814 1808 apud
1824 1755 1925 1796 Lao-

647 1814 868 1854 medontem
891 1816 930 1854 in
942 1815 1133 1869 Phrygia,
1155 1815 1310 1855 fundus
1324 1815 1400 1856 est:
1425 1818 1525 1869 apud
1549 1817 1653 1857 hunc
1668 1818 1820 1871 quidem
1840 1831 1924 1858 non
1973 1847 1976 1850 ψ

644 1876 724 1929 ipse
744 1876 866 1925 solus,
890 1876 952 1917 sed
971 1891 1059 1918 cum
1076 1879 1290 1931 Neptuno,
1306 1878 1494 1919 lateribus
1516 1880 1695 1920 ducendis
1718 1880 1855 1928 ambo,
1881 1881 1924 1921 &

645 1938 766 1978 muris
790 1938 981 1978 struendis
1003 1953 1168 1993 operam
1193 1940 1366 1981 locantes
1393 1942 1446 1981 ob
1467 1942 1636 1994 inopiam
1651 1973 1664 1988 ,
1686 1944 1728 1983 &
1752 1956 1801 1982 ne
1823 1943 1925 1982 inte-

643 2013 752 2051 gram
766 2000 921 2053 quidem
941 2013 964 2040 a
978 2000 1135 2053 Phryge
1150 2001 1366 2040 mercedem
1386 2000 1626 2047 auferentes,
1640 2002 1709 2054 qui
1730 2001 1776 2041 de
1795 2015 1843 2041 ea
1857 2002 1922 2042 de-

642 2063 752 2102 beret
772 2062 864 2112 iuis,
884 2064 993 2103 aiunt
1005 2095 1016 2112 ,
1031 2063 1190 2116 triginta
1207 2063 1371 2116 amplius
1387 2064 1585 2104 drachmas
1598 2055 1785 2104 Troicas!
1798 2065 1924 2104 Num-

641 2126 735 2177 quid
761 2126 861 2164 enim
886 2126 974 2165 talia
996 2139 1078 2166 non
1107 2127 1308 2180 magnifice
1334 2138 1492 2167 narrant
1515 2127 1561 2166 de
1588 2127 1674 2167 Diis
1694 2131 1853 2181 poetae,
1879 2129 1923 2169 δε

643 2187 810 2226 multum
831 2186 929 2228 hisce
951 2188 1166 2235 diviniora,
1183 2189 1229 2228 de
1243 2188 1448 2236 Vulcano,
1465 2189 1508 2228 &
1528 2189 1764 2230 Prometheo
1776 2220 1789 2236 ‚
1803 2190 1844 2229 &
1857 2189 1924 2230 Sa-

642 2259 760 2288 turno
773 2248 814 2288 δι’
827 2249 952 2296 Rhea,
972 2261 1132 2303 totaque
1152 2250 1390 2303 paene10vis
1403 2249 1570 2290 familia?
1587 2251 1636 2290 Et
1650 2251 1746 2290 haec
1760 2250 1920 2300 faciunt,
1963 2252 1965 2254 ’

639 2311 835 2351 invocatis
866 2312 906 2350 in
925 2313 1113 2366 principio
1133 2312 1314 2352 versuum
1339 2312 1463 2353 Mufis
1485 2324 1622 2353 cantus
1644 2313 1922 2364 adiutricibus,

640 2386 808 2426 quarum
832 2373 966 2412 afflatu
991 2374 1104 2422 Deo,
1130 2385 1173 2414 ut
1196 2375 1371 2422 videtur,
1397 2374 1499 2427 pieni
1521 2386 1690 2424 canunt,
1713 2387 1756 2414 ut
1780 2375 1920 2415 Satur-

641 2446 716 2473 nus
739 2433 893 2474 exsecro
914 2434 1035 2474 statim
1058 2435 1186 2476 Coelo
1215 2447 1322 2489 patre
1350 2437 1388 2475 in
1412 2435 1478 2475 illo
1508 2436 1783 2489 imperaverit,
1811 2435 1918 2476 suos-

640 2508 717 2547 que
732 2506 847 2534 natos
862 2496 1133 2544 devoraverit,
1153 2509 1196 2537 ut
1209 2498 1382 2550 Argivus
1392 2497 1600 2550 Thyestes:
1621 2509 1664 2538 ut
1679 2498 1814 2537 deinde
1826 2497 1916 2552 Iup-

640 2558 765 2612 piter,
789 2556 896 2598 furto
911 2555 1140 2598 subiici-entis
1160 2558 1323 2614 lapidem
1343 2558 1478 2601 Rheae
1491 2588 1502 2609 ,
1523 2560 1561 2600 in
1580 2558 1698 2601 Creta
1715 2558 1915 2614 expofitus
