2015 3490
259 217 340 261 IN
389 215 1138 264 CONTEMPLANTES.
1239 235 1326 283 393

68 301 181 346 mittit.
194 301 305 343 Dion
318 302 457 355 Chrys.
475 303 547 343 Or.
561 303 654 350 XII,
670 317 706 356 p.
722 318 793 356 213
812 303 856 342 Β.
876 304 1042 344 πλείστη
1059 305 1127 356 μὲν
1148 308 1209 345 οὑν
1231 305 1334 358 ἑξου·

67 360 137 396 σία.
150 358 215 396 καὶ
235 357 396 408 ἓὺνοιμις
413 357 579 410 ἀνθρώπῳ
592 371 673 406 περι
686 357 798 409 λόγον
816 357 1055 418 ἐνδείξασθαι
1071 361 1112 396 τὸ
1111 360 1334 418 παριστάν·

68 410 142 451 Or.
161 412 354 457 XXXIII,
369 426 403 464 p.
419 424 497 459 410
509 411 553 450 B.
568 413 784 449 τελευταὶον
806 410 924 457 ὄκνων,
940 412 1004 460 μοὶ
1019 409 1142 459 sponsi,
1161 428 1204 451 το
1223 428 1335 465 ’,ταρι-

65 465 177 515 στέιμ
181 480 252 505 ενον
263 468 401 518 λέγειν·
413 464 617 516 utrobique
629 476 763 517 peccat
774 465 976 517 interpres:
990 464 1039 504 stc
1051 475 1179 505 autem
1194 466 1254 506 ille
1265 480 1335 519 po-

70 517 229 558 steriore
241 519 354 566 loce,
370 521 557 565 canamus,
569 518 699 570 opinor,
709 518 888 570 quidquam
901 534 943 557 ex
953 530 1092 571 tempore
1103 519 1226 559 dicere:
1240 533 1336 560 non-

18 574 21 581 ‘
66 572 159 611 nihil
174 573 288 621 vidit3
305 584 392 610 nam
405 571 445 610 ὲκ.
462 570 527 610 τοῦ
539 585 819 622 παρισταμενου
838 573 960 625 λεγειν
974 573 1097 619 valet,
1112 589 1180 611 noa
1193 575 1298 612 medit
1301 590 1334 613 z-

67 626 435 678 tam,sedsuhzt.zn16=
452 626 703 689 extemporalem
722 626 902 664 ontionem
922 626 942 661 lt
946 628 1060 664 zbcre:
1077 626 1264 666 Plutarch.
1280 629 1332 666 V.

66 679 271 720 Demosth.
288 692 371 732 pag.
385 678 463 731 850
477 678 527 718 A.
542 693 586 716 το
597 693 650 729 μη
665 681 840 729 ταχέως,
851 679 953 728 ,at-nse
964 679 1073 730 ⁶repis
1059 695 1205 718 παντως
1215 681 1255 718 ἐκ
1265 680 1334 720 τού

68 734 352 785 παρισταμένου
374 736 514 785 λέγειν,
530 744 646 784 quam
669 731 821 771 Periclis
843 732 1078 797 prudentiam
1103 733 1336 773 Demosthe-

65 799 135 826 nes
147 787 423 827 aemulabatur.
447 786 575 825 Parem
594 784 701 825 usum
718 785 859 825 habet
845 801 886 825 εκ
898 801 962 825 του
980 786 1192 827 ἐπελθόντος
1209 787 1336 827 εἰπεῖν

65 841 209 894 ἐπέρχε
212 846 307 880 σθαι
318 840 419 879 enim
430 839 510 880 five
522 839 682 878 ἐπελθειν
696 839 736 878 &
753 839 1042 892 παρίστασθαι
1035 854 1071 879 1n
1085 841 1161 880 hoc
1176 842 1335 892 negotio

65 904 145 932 tam
160 896 399 947 propinquae
413 893 499 932 sunt
511 893 680 938 virtutis,
696 904 753 939 ut,
768 894 855 946 quia
868 893 1027 933 alterum
1043 894 1194 934 alterius
1215 895 1336 947 expli-

66 949 210 988 cationi
223 948 430 993 conducit,
446 947 535 986 illud
552 959 618 999 per
635 947 812 986 iniuriam
829 949 868 986 in
884 947 995 986 huius
1013 946 1136 987 ledem
1156 961 1338 987 nonnun-

66 1015 182 1065 quam
203 1001 489 1067 immigraverit.
504 1000 655 1040 Editur
646 1014 686 1038 in
699 1000 862 1040 Aristide
878 1001 927 1041 T.
941 1001 976 1040 ΙΙ
988 1015 1049 1054 ,.ρ
1067 1016 1155 1054 297,
1173 1001 1339 1054 ἐπέρχε-

69 1054 140 1094 ταί
154 1069 219 1105 μοι
235 1034 423 1103 sesiam,
437 1054 519 1104 μὴ
503 1054 621 1094 πλείω
637 1068 707 1093 των
724 1054 856 1095 ἱκάνων
870 1054 1089 1108 Σιειλέχθοιι
1103 1055 1214 1094 δοκῶ·
1228 1057 1336 1108 atqui

66 1107 146 1147 fine
160 1108 426 1149 controversia
440 1108 642 1160 legendum
664 1106 762 1155 effe,
778 1109 1021 1160 οτιρέστοιτσιί
1037 1125 1100 1158 μοι
1122 1108 1269 1162 &appetit
1290 1124 1336 1149 τε

68 1177 135 1201 και
149 1161 318 1202 &steven
333 1163 406 1202 &c.
421 1163 596 1202 Thomas
608 1162 713 1215 Mag.
738 1164 863 1215 arguit
883 1163 922 1201 in
944 1166 1202 1215 Παρίστοιται·
1216 1177 1264 1203 ne
1281 1165 1338 1202 di·

69 1228 176 1264 cam,
204 1216 423 1256 orationem
448 1229 555 1256 nunc
579 1216 751 1256 incedere
775 1216 1076 1268 splendidiorem.
1100 1217 1209 1256 Dion
1234 1216 1334 1257 Caff.

69 1246 280 1316 LXX’VII,
295 1284 331 1323 p.
344 1269 420 1335 875
432 1269 484 1309 D.
500 1270 546 1309 de
559 1269 763 1310 Antonino
777 1270 995 1310 Caracalla.
1014 1285 1065 1319 τῳ
1047 1270 1192 1310 πάνθ’
1207 1270 1337 1321 ὁμοιως

67 1325 123 1362 τὰ,
140 1323 342 1364 {maehum
356 1323 388 1363 οἱ
402 1323 694 1377 ἀπερισκέπτως
707 1336 850 1364 λαλειν·
866 1326 960 1364 haec
977 1324 1107 1364 Suidas
1125 1339 1164 1363 v
1175 1324 1339 1364 Ἀντωνῖ-

68 1391 126 1418 νος
139 1391 176 1430 p.
191 1392 267 1431 234
280 1377 411 1416 istum
403 1391 440 1416 in
455 1379 612 1417 modum
624 1377 833 1430 descripsit:
848 1378 902 1426 τῷ
918 1378 1053 1418 πάνθ’
1038 1381 1166 1429 ομοίως
1178 1381 1231 1417 τὺ.
1242 1381 1340 1431 προὶ-

70 1433 252 1481 στάμενοι
270 1446 298 1470 οι
291 1430 383 1471 διε.
397 1432 513 1484 Apud
524 1431 694 1471 Dionem
712 1431 850 1471 reffius
862 1418 952 1484 legi,
965 1431 1150 1472 Kusterus
1164 1446 1339 1485 pronun-

67 1485 156 1524 tiat:
179 1485 291 1533 mihi,
315 1486 528 1525 dummodo
551 1484 748 1538 refingas
732 1486 976 1537 ντοιριστέιμει
978 1502 1026 1532 σι,
1046 1485 1153 1525 secus
1172 1487 1337 1525 videtur.

67 1537 287 1586 Praeterea,
303 1539 437 1590 quod
429 1552 503 1578 lam
518 1552 565 1578 ex
587 1552 668 1578 uno
683 1539 883 1592 alteroque
898 1540 1078 1592 exemplo
1095 1540 1252 1592 intelligi
1269 1554 1340 1592 po-

69 1593 167 1641 tuit,
179 1591 464 1632 observandum
479 1593 545 1639 est,
559 1593 739 1632 accedere
753 1606 1030 1646 nonnunquam
1046 1594 1136 1632 huic
1148 1594 1338 1633 locutioni

66 1647 149 1686 vim
164 1647 375 1699 quandam
368 1640 557 1699 ingenuae
567 1645 731 1686 fiduciae
746 1647 941 1699 animique
953 1647 1147 1694 libertatis,
1163 1660 1238 1700 qua
1252 1648 1340 1700 quis

67 1700 183 1739 nixus
193 1701 429 1752 ‚potentiam
442 1701 605 1740 aliorum
623 1711 737 1754 atque
756 1714 852 1753 opes
865 1701 954 1739 nihil
968 1679 1220 1740 reformidans
1235 1700 1337 1741 sensa

68 1755 207 1793 mentis
218 1754 295 1793 stne
308 1755 466 1807 ambage
488 1755 609 1807 palam
626 1753 849 1807 profitetur:
872 1754 944 1794 sic
935 1768 975 1793 1n
991 1755 1166 1818 Luciano
1181 1756 1340 1819 capien-

71 1808 161 1847 dum
177 1807 242 1848 est.
256 1808 441 1847 Plutarch.
459 1808 578 1848 Dion.
599 1822 635 1862 p.
653 1809 785 1861 960B.
797 1809 863 1847 την
857 1808 1086 1868 παῤῥησιειν
1097 1810 1210 1860 ἔφερεν
1221 1806 1340 1847 αὐτοῦ

69 1861 310 1914 (Dionyfius
322 1861 481 1916 Dionis)
491 1863 602 1912 μόνον
615 1877 692 1916 σχε
677 1861 759 1902 ecfov
771 1860 896 1902 &secor
906 1874 975 1915 My
983 1877 1082 1902 οντσς
1092 1866 1133 1901 το
1149 1861 1340 1914 παριστά-

67 1929 188 1966 μενον.
209 1917 375 1955 HEMST.

125 1972 197 2009 ead.
211 1971 234 2008 l.
251 1983 310 2020 15.
327 1968 466 2022 Πυρέιν)
479 1969 668 2009 Herodot.
682 1968 799 2016 1‚86.
813 1969 938 2009 Aliter
952 1969 1068 2023 longe
1081 1969 1123 2009 &
1133 1970 1278 2016 verius,
1293 1978 1338 2009 ut

71 2034 192 2085 puto,
204 2023 448 2075 Xenophon
463 2036 579 2075 quem
597 2038 620 2063 v
626 2024 694 2062 ide.
710 2000 867 2062 ’SOLAR

127 2076 163 2115 in
175 2078 291 2117 Schol.
314 2078 377 2116 col.
397 2091 428 2116 1.
450 2078 473 2116 l.
495 2091 529 2116 2.
554 2075 914 2143 Προπαροξυτόνως)
932 2076 992 2115 Ita
1011 2077 1054 2116 V.
1075 2089 1185 2116 non
1170 2092 1339 2129 προπαρ-

72 2129 255 2182 οξὺτονον,
267 2132 310 2171 ut
323 2131 380 2170 ed.
393 2131 443 2170 A.
460 2130 524 2170 De
535 2141 694 2171 accentu
712 2131 822 2171 vocis
834 2128 980 2184 ἕρμαιον
997 2130 1084 2171 vide
1104 2130 1272 2170 Eustath.
1290 2131 1336 2170 ad

73 2183 150 2224 Od.
166 2189 202 2222 Π
211 2199 274 2238 ,.p
297 2184 407 2237 1809.
422 2185 586 2224 HEMST.

128 2239 220 2290 Pag.
244 2251 301 2290 50.
319 2238 592 2291 ί.7.Τώμυρις)
614 2237 809 2290 Tomyrin
835 2238 1054 2277 nobilitavit
1073 2248 1268 2291 reportata
1291 2237 1338 2277 de

73 2291 139 2343 Cy
142 2305 189 2331 ro
204 2292 364 2331 victoria
375 2291 456 2331 five
470 2305 576 2341 vera,
591 2291 693 2337 sive,
709 2292 813 2360 quod
827 2292 952 2331 multo
964 2292 1092 2345 potius
1104 2292 1232 2338 credo,
1245 2304 1338 2331 con-

73 2344 173 2385 ficia.
185 2346 333 2385 Primae
342 2346 485 2385 vocalis
496 2346 705 2386 exarandae
716 2344 911 2385 discrimen
923 2358 971 2385 ex
986 2346 1193 2384 Herodoto
1205 2345 1244 2385 δι
1259 2346 1339 2384 Lu-

74 2400 188 2439 ciano
200 2399 428 2439 monstravit
446 2399 509 2438 Fr.
530 2399 730 2439 Fabricius
749 2399 796 2438 ad
808 2398 924 2438 Oroi.
946 2398 1039 2450 117
1044 2399 1113 2438 .In
1130 2399 1338 2438 Herodoto

74 2466 311 2506 quamquam
321 2453 538 2506 publicatae
550 2452 753 2506 scripturae
765 2452 904 2493 vetusti
915 2452 1079 2492 Codices
1092 2453 1268 2493 accedere
1282 2454 1340 2491 vi-

75 2507 252 2555 deantur,
263 2507 395 2548 Suidas
409 2517 536 2549 tamen
548 2507 679 2550 eadem
695 2506 859 2548 historici
876 2507 994 2548 verba
1012 2506 1079 2547 sub
1093 2517 1260 2560 utroque
1272 2509 1336 2543 'slav
