2015 3490
233 217 320 266 ΙΝ
369 216 1116 267 CONTEMPLANTES.
1219 220 1311 284 387

53 306 159 361 plicis
178 308 371 350 domestici
391 308 532 350 funeris
554 309 735 362 exemplo
755 309 950 356 didicerat,
974 311 1065 349 nihil
1088 309 1161 349 effe
1182 310 1316 350 melius

55 363 303 408 mortalibus,
319 377 433 416 quarn
454 363 575 409 mori,
599 375 762 402 mortem
784 363 913 403 obiisse
934 364 1202 403 voluntariam.
1225 363 1316 404 Illo-

6 437 10 441 -
50 427 144 454 rum
153 429 264 463 vero,
277 429 299 455 a
314 418 452 469 quibus
465 417 556 456 haec
570 416 740 462 historia,
741 416 898 468 fizbulam
905 429 1018 456 notam
1031 417 1171 456 Cicero
1184 428 1314 464 vocat,

54 467 99 507 sit
121 480 287 518 narrata,
304 471 481 510 indicium
496 480 600 522 petes
614 482 636 507 a
658 471 748 508 viris
761 470 1008 509 eruditissimis
1028 470 1055 508 Ι.
1073 470 1120 508 A.
1138 470 1312 511 Fabricio

53 522 99 560 ad
115 522 217 561 Sext.
231 523 370 576 Empir.
382 524 421 563 P.
435 524 484 562 H.
499 523 550 562 llI
561 553 573 569 ‚
589 523 604 572 §
621 537 665 576 23
679 523 750 571 1,1.
765 523 928 562 Davisio
945 525 992 563 ad
1006 522 1128 563 Cicer.
1143 524 1191 564 T.
1205 524 1256 563 D.
1272 524 1313 574 Ι,

54 587 137 627 cap.
152 590 214 625 47.
229 577 389 616 HEMST.
725 591 728 595 ·

107 631 180 667 ead.
192 631 214 668 l.
231 644 264 676 4.
279 631 424 674 Κλέοβιν
443 628 506 668 καὶ
528 629 692 682 Βίτωνα)
710 629 774 669 De
795 629 849 669 his
869 629 1058 669 Herodot.
1075 629 1115 678 1,
1130 644 1188 683 32.
1203 630 1310 672 Plato

52 682 164 721 etiam
183 683 222 721 in
235 684 419 724 Axiocho
430 715 441 732 ‚
458 684 518 722 vel
535 683 580 722 de
595 683 738 722 Morte.
753 683 909 722 δοῖ-ΑΝ.

105 738 178 774 ead.
191 737 214 775 l.
228 749 258 787 5.
269 738 359 776 Τοὺς
368 736 435 776 τῆς
448 736 574 786 ἱερείας
590 737 653 789 π.)
667 737 768 789 Lege
779 767 791 783 ‚
803 741 899 775 XAl’.
913 736 1001 775 Τ-οὺς
1017 735 1081 776 τῆς
1094 735 1116 776 ἱ.
1131 752 1174 776 π.
1189 750 1314 778 venu-

53 787 143 828 stius
156 791 258 828 enim
270 789 322 828 est
336 790 428 829 haec
439 804 460 829 a
473 789 670 829 Charonte
684 791 753 829 dici
768 819 779 837 ‚
796 803 912 842 quam
923 803 944 829 a
954 790 1107 830 Solone.
1128 790 1284 831 SOLAN.

50 876 52 878 ,
105 845 178 882 ead.
194 844 217 882 l.
234 858 269 895 9.
283 846 340 881 T&
354 844 505 896 πρῶτα)
523 844 667 882 Primas.
683 844 822 883 BROD.

107 900 180 934 ead.
197 897 220 936 l.
237 910 252 934 1
267 910 296 936 1.
308 898 461 942 Τέλλος)
481 897 602 935 Τείαιις
615 898 650 935 in
663 898 883 949 quibusdam
896 897 1084 949 Diogenis
1097 897 1235 937 Laertii
1248 911 1315 938 co-

52 948 199 989 dicibus
218 950 402 990 scribitur.
423 951 537 1003 Apud
553 950 649 989 alios
670 953 770 990 Telus
795 952 854 990 vel
875 952 1012 997 Tellus,
1028 962 1071 990 ut
1094 952 1153 989 hic
1178 965 1312 992 omnes

52 1002 228 1054 impoeffi,
242 1005 408 1056 exceptis
422 1003 474 1042 Fl.
489 1004 530 1042 &
541 1004 570 1042 I.
581 1017 678 1056 quae
691 1006 802 1043 Τέλος
815 1005 970 1044 habent:
990 1004 1048 1044 sed
1062 1005 1215 1044 eaedem
1229 1009 1313 1044 Τελ-

0 1085 1 1094 ,
53 1067 115 1095 λον
128 1057 228 1096 recte
238 1057 515 1097 exhibent‘lc‘r.
532 1059 570 1105 β,
583 1070 615 1096 c.
633 1058 858 1108 17.SoLAN.
878 1058 942 1097 Ad
956 1059 1121 1110 Diogen.
1136 1059 1176 1097 L.
1191 1060 1227 1104 l,
1246 1073 1314 1108 50,

53 1110 141 1149 vide
156 1111 389 1163 Menagium.
402 1113 509 1150 Τέλος
524 1110 728 1159 scribatur,
749 1125 797 1150 an
811 1113 960 1159 Τέλλος,
980 1125 1112 1164 parum
1134 1112 1310 1153 interest:

51 1163 192 1202 vetusti
202 1164 340 1205 Graeci
354 1165 476 1203 literas
487 1166 681 1216 geminare
695 1166 758 1204 vix
770 1178 942 1219 unquam
955 1165 1144 1205 solebant:
1160 1164 1314 1215 Σέλλος,

52 1213 451 1266 Σέλος·“Ελλος,“Έλος·
465 1220 676 1267 Σελλασία,
690 1222 873 1258 Σελασὶα·
886 1223 1048 1264 Πελλος,
1062 1222 1194 1265 Πελος,
1207 1221 1314 1260 nullo

53 1270 265 1310 discrimine
292 1271 517 1325 separantur.
547 1272 716 1324 Antiqua
737 1272 891 1326 scriptio
913 1271 1044 1312 delufit
1069 1273 1314 1325 interpretem

53 1323 197 1364 Dionis
215 1325 352 1377 Chrys.
368 1340 403 1377 p.
430 1339 497 1378 593
517 1324 568 1364 D.
586 1338 628 1365 ut
645 1327 801 1378 pulchre
816 1325 1069 1366 Casauhonus
1082 1326 1315 1368 observavit.

54 1377 236 1418 Themist.
254 1378 326 1419 Or.
339 1379 494 1425 XVIII,
509 1393 545 1431 p.
563 1393 606 1417 21
619 1394 632 1418 1
650 1379 700 1418 D.
714 1379 854 1432 Κροῖσον
864 1379 930 1430 μὲν
942 1379 1007 1418 οὐκ
1019 1381 1197 1428 απὲφῃνεν
1214 1380 1229 1419 ὃ
1245 1382 1314 1421 Eb-

53 1442 124 1471 λων
136 1433 357 1477 ὀλβιώτατον
372 1433 441 1472 τῶν
456 1433 541 1471 τότε
555 1432 756 1484 ἀνθρώπων,
771 1434 878 1472 ἄλλα
891 1436 951 1473 τον
963 1433 1137 1473 Ἀθηναῖον
1152 1435 1314 1475 καὶτοὺς

44 1484 144 1538 -Ἀργ
153 1489 243 1525 εἱους
257 1488 476 1526 νεανίσκους.
490 1487 566 1533 ubi,
581 1486 729 1525 tametsi
740 1500 820 1526 non
836 1488 1024 1538 ignorem,
1038 1488 1242 1538 quomodo
1257 1489 1315 1528 de-

52 1537 157 1578 fendi
172 1540 282 1593 poffit
294 1544 356 1580 τον
368 1539 562 1587 Ἀθηναῖον,
577 1538 752 1593 profesto
766 1540 894 1579 malim
908 1541 1018 1581 Τέλον
1033 1540 1095 1579 vel
1109 1543 1242 1581 Τέλλον
1259 1542 1316 1580 'A-

44 1591 204 1633 θηναῖοι
222 1596 387 1633 HEMST.

109 1650 178 1686 ead.
193 1649 215 1686 l.
234 1651 398 1702 15-s1f905
413 1650 454 1686 το
471 1640 604 1701 τέλος)
626 1647 792 1701 Respicit
811 1647 964 1688 Solonis
983 1647 1122 1688 ditium
1136 1679 1146 1696 ,
1167 1647 1212 1688 de
1232 1662 1314 1701 quo

54 1699 205 1740 Auson.
217 1701 389 1741 BOURD.
403 1702 633 1741 Sententiam
651 1703 822 1750 Solonis,
838 1715 951 1754 quam
966 1702 1188 1742 Aristoteles
1201 1716 1315 1755 argu-

52 1755 195 1794 mentis
213 1754 418 1808 sanequam
432 1755 582 1795 levibus
596 1757 791 1809 impugnat
806 1755 893 1794 Eth.
910 1756 991 1794 Nic.
1006 1756 1045 1800 Ι,
1059 1769 1091 1795 c.
1111 1770 1172 1801 10,
1194 1769 1315 1796 certa-

54 1808 122 1846 tim
135 1809 325 1860 Tragicos
338 1810 477 1848 imitari
491 1821 648 1849 monent
662 1810 705 1849 B.
728 1810 880 1848 Martia„
894 1810 946 1849 V.
967 1809 1008 1847 L.
1031 1809 1070 1855 l.
1086 1823 1117 1849 c.
1136 1824 1169 1856 1,
1183 1810 1316 1851 versus

54 1860 244 1914 Euripidis
256 1876 303 1902 ex
319 1864 504 1902 Androm.
521 1877 558 1902 v.
577 1877 649 1902 100
662 1894 674 1908 ,
691 1863 851 1915 quisunt
868 1862 979 1915 ipsius
995 1863 1288 1903 Andromachae
1301 1896 1315 1911 ‚

85 1928 253 1968 erperain
268 1918 451 1956 Hecubae
463 1917 644 1965 tribuens,
659 1916 699 1955 &
711 1915 780 1955 Ios.
797 1916 947 1956 Barnes.
967 1918 1012 1954 ad
1027 1929 1114 1955 eum
1129 1918 1260 1956 locum
1275 1921 1315 1959 δε

49 1928 210 2024 beracl.
237 1984 274 2009 v.
296 1970 385 2024 865.
400 1971 503 2010 Cum
517 1983 611 2023 ergo
633 1971 819 2010 Deianira
831 1970 1059 2009 Trachinias
1083 1970 1318 2023 Sophocleas

56 2021 108 2062 fic
122 2023 304 2075 inciperet
315 2055 326 2071 ‚
343 2025 465 2075 Λόγος
474 2024 543 2074 μὲν
558 2024 637 2064 ἐστ’
650 2024 808 2076 ἀρχαῖος
821 2023 1005 2076 ἀνθρώπων
1018 2027 1161 2074 conivens,
1176 2024 1238 2065 Ὡς
1251 2022 1317 2066 οὔκ

55 2074 101 2115 ἂν
119 2077 218 2115 αἰῶν’
232 2077 378 2126 ἐκμάθοι
401 2077 619 2131 (ἐκμάθοις)
637 2077 788 2129 βροτῶν,
806 2078 891 2129 πρὶν
914 2077 958 2115 ἂν
976 2078 1086 2115 <aarum
1105 2079 1177 2124 τὶς,
1193 2078 1269 2118 οὔτ’
1285 2079 1315 2119 εἰ

57 2133 242 2181 χρηστὸς,
254 2131 332 2169 οὔτ’
347 2132 442 2181 εἵτῳ
456 2135 583 2178 καιδος,
598 2143 732 2171 notare
745 2144 886 2184 operae
901 2132 1065 2184 pretium
1083 2131 1190 2170 duxit
1203 2133 1319 2173 Scho-

55 2182 178 2223 liastes
196 2183 269 2223 effe
281 2184 596 2237 μεταχρονισμόν·
609 2186 926 2243 μεκταγενέστερος
939 2187 1017 2237 ’γὰρ
1033 2185 1154 2224 Σόλων
1168 2185 1183 2223 ὁ
1196 2186 1320 2237 Aunesi-

42 2250 102 2276 -voe
110 2238 325 2290 μακαρίζὲιν
336 2239 413 2278 δεῖν
428 2241 495 2290 πρὸ
510 2250 688 2278 τελευτῆς
699 2243 765 2290 πρὶν
773 2254 789 2277 ς
800 2239 939 2290 Κροῖσον
953 2239 1240 2288 ἀποφηνάμενος.
1251 2242 1320 2280 Vi-

41 2290 104 2329 -de
116 2290 239 2330 Cicer.
253 2294 298 2330 de
310 2291 351 2329 F.
365 2293 409 2331 B.
422 2293 472 2332 δι.
489 2293 544 2331 Μ.
560 2292 609 2340 Π,
627 2306 688 2340 27,
699 2293 739 2331 ὅ(
753 2291 888 2331 Davis.
902 2306 937 2344 p.
956 2293 1038 2340 164.
1052 2291 1197 2332 Similes
1212 2305 1320 2334 vete-

58 2356 144 2382 rum
160 2344 358 2384 sententias
372 2346 482 2398 plena
502 2358 618 2385 manu
634 2345 887 2398 suppeditabit
901 2345 1006 2384 Stob.
1023 2344 1101 2384 Ecl.
1123 2359 1203 2399 cap.
1219 2347 1321 2391 CIII.

57 2396 181 2437 Porro
191 2398 390 2450 legendum
404 2409 501 2452 puto
514 2398 656 2438 καὶτοῦ
667 2413 731 2450 αχ
737 2415 766 2451 1οι
778 2402 867 2451 ’πρὸς
880 2402 919 2437 το
932 2413 966 2436 τ.
978 2398 1052 2437 &c.
1064 2398 1168 2440 Dion
1180 2400 1322 2454 Chrys.

57 2464 97 2502 p.
116 2451 186 2501 598
203 2451 250 2491 C.
267 2449 310 2491 (ἶν
321 2452 456 2503 τονμὲν
471 2452 486 2491 ὁ
499 2453 664 2491 θάνατος
680 2452 849 2505 ἤλεγξεν.
865 2453 1028 2491 HEMST.

112 2505 205 2558 Pag.
227 2519 290 2561 45.
314 2507 338 2545 l.
358 2521 394 2556 4.
406 2510 452 2545 T‘o
468 2506 658 2560 πορθμεῖον
677 2502 800 2558 αὐτὸ)
824 2506 1075 2599 ΙηερῐεΒὴὲεε
1089 2505 1298 2548 'vertuntur
1310 2538 1326 2556 ,

1060 2574 1082 2598 2
