2015 3490
312 235 1081 286 LECTIONES.
1241 252 1336 301 317

61 333 107 370 K.
120 330 337 384 {impliciter
351 329 406 369 Fl.
420 329 523 370 unde
542 329 583 369 δι
599 334 674 368 ΚΤ.
689 328 889 382 personam
907 327 1023 382 poffis
1036 327 1175 367 facere.
1230 327 1254 368 1.
1274 329 1336 366 18.

63 385 128 424 col.
151 399 185 425 2.
206 383 420 436 Ἐλλείπει)
433 382 616 423 ’ἕλλειπεν
636 383 834 435 legebatur
859 384 898 421 in
917 381 1118 435 impresso,
1139 382 1180 421 ὅ(
1200 381 1336 421 omiffa

64 449 174 478 erant
188 437 379 491 postrema
399 436 462 476 illa
474 437 592 476 verba
611 436 629 476 ii
651 436 786 476 σκίνπει
798 467 807 483 ,
825 449 926 489 quae
941 437 1077 474 addidit
1091 448 1140 474 ex
1154 436 1214 481 V.
1227 435 1340 475 Sola·

66 503 153 530 nus.
181 492 271 543 Pag.
290 505 375 542 192.
392 492 417 528 l.
433 504 465 543 3.
479 489 842 542 Ἐπεινοιτείνοισὲςαή
859 490 1179 528 ἐπανατείνεσθαι
1193 489 1236 528 Β.
1265 490 1288 528 l.
1299 503 1337 538 7.

65 548 229 596 ΚΛΩΘ.)
242 549 281 584 Κ.
296 544 350 582 Fl.
365 544 468 596 quod
482 556 604 595 aeque
616 542 762 595 person.
780 547 840 580 Kv.
855 541 1014 593 Cynisci
1029 542 1239 594 significare
1254 554 1338 595 pot-

65 597 132 637 est.
177 598 201 637 l.
216 612 272 648 17.
286 599 350 636 col.
366 611 379 635 1
388 626 396 635 .
409 596 644 649 moa-eorm.)
657 597 1026 648 ’προσεπαττάλευσε
1038 597 1179 635 editum
1192 595 1338 643 fuerat3

64 652 155 690 item
182 664 275 690 mox
296 650 414 690 {svo-a
432 663 504 702 pro
523 649 647 689 ἔὲησοι
660 679 672 696 ,
689 650 728 688 &
748 650 1004 701 ἀνεσταύρωσε
1025 662 1096 701 pro
1111 650 1338 702 ἀνεσταύρω-

64 719 138 751 σοι,
153 717 252 757 quae
267 704 438 744 correxit
451 703 630 743 Solanus.
688 704 779 754 Pag.
797 716 881 757 ¹93·
894 705 916 741 l.
934 716 966 740 2.
978 703 1149 755 Ἐκείνου)
1162 702 1224 742 Sic
1238 703 1276 741 P.
1292 704 1337 742 δε

68 758 110 797 L.
125 759 240 797 ἐκείνη
256 758 354 797 male
364 758 446 796 edd.
461 758 494 796 Ι.
506 758 549 795 Ρ.
564 757 608 796 B.
622 771 655 796 2.
669 756 724 796 Fl.
740 759 779 795 &
793 760 832 796 S.
867 759 941 795 ead.
954 759 1000 794 Tb
1015 751 1206 808 ὑπισχν.)
1222 755 1340 795 Deest

67 812 107 850 in
119 811 159 851 Ρ.
191 812 213 852 l.
224 827 260 860 4.
276 810 547 861 Περιμένσυσιν)
558 810 606 861 μὲ
618 810 862 862 περιμένουσιν
878 811 920 849 Β.
951 811 974 848 Ι.
990 810 1026 849 6.
1041 808 1177 863 Ἦμῶν)
1191 807 1274 859 ἦμῖν
1285 810 1340 849 O.

69 866 96 904 l.
109 879 146 915 7.
156 867 223 905 Τὸν
237 865 254 918 )
270 866 300 904 I.
315 864 395 904 sola
407 865 609 904 articulum
623 862 764 903 vitiose
775 864 955 917 exprimit
973 862 1060 902 τῶν.
1121 864 1144 904 l.
1160 877 1196 915 9.
1211 864 1343 916 Ἀργύ-

67 923 158 972 ριον)
173 918 333 971 ἄργυρον
347 918 391 957 Β.
450 919 473 956 l.
491 932 506 956 1
518 932 550 957 1.
561 917 874 971 Ἀποσπώμενος)
893 918 922 956 I.
939 916 1208 967 ἀποσπὸμενος
1221 918 1343 956 medIa

68 983 261 1025 correpta,
278 971 427 1011 vitiose.
441 971 514 1011 Sed
526 971 626 1010 re&e
639 972 684 1010 Β.
697 971 750 1010 Fl.
765 972 805 1008 P.
819 972 865 1009 B.
884 986 918 1010 2.
938 970 1012 1010 διε.
1051 970 1076 1009 l.
1094 984 1150 1023 15.
1163 971 1223 1010 col.
1241 984 1273 1009 2.
1287 972 1341 1010 'Er

68 1026 123 1075 τῷ
136 1026 152 1079 >
171 1028 212 1064 in
224 1025 290 1065 τοῦ
300 1023 492 1064 ἒπιπέέου
506 1025 700 1077 legebatur
712 1026 748 1063 in
763 1025 851 1064 edit.
865 1024 924 1065 sed
937 1035 1153 1063 mutaverat
1167 1024 1342 1071 Solanus.

71 1081 98 1119 l.
117 1080 176 1120 16.
190 1080 254 1119 col.
271 1092 301 1117 1.
314 1078 399 1132 Σοι)
411 1077 467 1118 ὅτι
479 1079 532 1118 V.
574 1079 653 1118 ibid.
666 1079 690 1117 l.
713 1092 770 1129 17.
787 1077 962 1130 Πάντας)
982 1078 1044 1118 Sic
1058 1077 1170 1116 habet
1185 1078 1230 1118 C.
1245 1078 1344 1118 Edit.

69 1133 236 1174 πάντων.
272 1133 354 1171 ibid.
374 1133 437 1172 col.
453 1146 487 1170 2.
501 1132 633 1183 Μείξων
650 1163 659 1170 .
674 1163 682 1171 .
698 1163 706 1171 .
725 1133 890 1185 λέγεται
903 1133 920 1180 )
935 1132 1003 1171 <m
1015 1130 1081 1170 τεῦ
1093 1132 1237 1183 κέντρου
1255 1130 1343 1170 ἑκά.

70 1201 146 1226 orn
159 1187 362 1238 ὣιέιμετρος
373 1186 540 1238 λέγεται
554 1187 698 1225 editum
711 1197 805 1231 erat,
816 1184 876 1225 sed
886 1187 936 1224 ita
949 1186 1118 1224 dedimus
1127 1197 1169 1224 ut
1180 1198 1228 1224 ex
1241 1185 1344 1225 Cod.

71 1241 125 1279 V.
142 1241 271 1280 Solan.
284 1241 475 1288 correxit,
488 1238 601 1279 fimul
615 1251 802 1279 annotans
815 1269 825 1286 ‚
842 1242 987 1289 μείζωνι
1009 1238 1047 1278 s.
1063 1254 1100 1278 τ,
1121 1254 1154 1278 κ.
1172 1239 1263 1278 εἴτις
1279 1239 1344 1279 καὶ

71 1294 252 1334 mendose
264 1294 352 1332 alibi
365 1293 459 1346 legi,
474 1306 556 1333 non
571 1304 697 1333 tamen
713 1294 852 1333 addens
866 1294 900 1332 in
913 1306 995 1346 quo
1010 1292 1107 1332 Cod.
1124 1304 1194 1332 nec
1206 1292 1342 1342 refert,

0 1392 1 1402 ἵ
71 1348 161 1400 quia
175 1347 306 1387 falsum
319 1346 382 1386 est.
401 1349 540 1405 Reiz&
560 1348 583 1386 l.
599 1362 656 1401 19.
673 1348 733 1387 col.
751 1362 783 1385 2.
801 1349 892 1385 Ἀπὸ
906 1347 1037 1386 τούτου
1056 1339 1140 1398 οὖν)
1157 1347 1201 1385 Et
1213 1346 1264 1386 fic
1277 1347 1344 1388 de·

72 1403 127 1441 dit
140 1401 265 1448 idem,
285 1414 357 1453 pro
379 1401 458 1439 ἀπὸ
474 1415 539 1439 του
555 1403 609 1440 ‘ric
630 1401 750 1448 πάνυ,
771 1401 878 1452 quod
896 1401 1084 1439 habebant
1105 1400 1254 1439 Scholia
1273 1402 1344 1440 im·

71 1454 206 1508 preffa.
263 1455 354 1508 Pag.
374 1467 458 1507 194.
473 1455 497 1494 I.
512 1469 544 1506 3.
557 1454 845 1508 Ἀνακωκύουσι)
859 1454 1110 1502 &vuambano-u
1125 1455 1187 1492 uoci
1207 1454 1346 1493 ἱκετεύ-

72 1523 152 1548 ουσι
168 1509 212 1548 Β.
229 1508 270 1548 &
282 1507 310 1546 F
314 1509 337 1547 l.
350 1507 388 1546 A
399 1508 533 1547 ceteris
546 1507 649 1548 abest
661 1508 867 1548 ἱκετεύουσι
879 1538 891 1554 ,
906 1521 1031 1560 neque
1047 1519 1245 1560 comparet
1261 1509 1299 1546 in
1312 1509 1346 1547 Ι.

75 1563 122 1601 Ρ.
138 1575 208 1602 nec
220 1564 266 1602 B.
284 1575 319 1601 2.
358 1562 381 1600 l.
395 1575 453 1614 13.
468 1561 662 1615 Kpnm‘sa)
678 1560 847 1614 κρηπῖδα
862 1563 989 1614 Anap.
1004 1561 1091 1599 Pell.
1130 1562 1152 1599 l.
1170 1575 1228 1609 14.
1241 1562 1347 1600 'Aru‘

74 1616 265 1670 oswe‘toe)
284 1614 522 1655 ἀνυπόδητος
535 1616 580 1655 Β.
595 1615 666 1655 Sed
681 1615 771 1654 nihil
791 1628 812 1654 a
825 1614 931 1667 vulg.
952 1615 1029 1656 abit
1043 1614 1097 1652 ΡΙ.
1113 1615 1158 1653 B.
1176 1628 1209 1653 2.
1229 1617 1282 1653 H.
1299 1617 1345 1655 Ρ.

74 1669 150 1709 &c.
186 1671 282 1722 l.15.
295 1669 357 1709 col.
377 1683 408 1707 1.
423 1668 723 1722 Προστετηκυῖα.)
743 1669 834 1708 Non
857 1668 1067 1721 agnoscunt
1090 1669 1186 1707 hanc
1202 1681 1345 1709 vocem

1 1751 3 1755 -
75 1722 122 1763 C.
135 1724 256 1764 Solan.
284 1723 466 1776 Pag.195.
484 1723 507 1761 l.
524 1722 561 1761 8.
579 1723 683 1762 Mns‘e
694 1722 710 1776 )
723 1722 775 1773 μὴ
790 1723 835 1762 Σὲ
852 1723 880 1761 Ι.
898 1724 952 1762 H.
967 1726 1005 1761 S.
1022 1722 1062 1761 &
1075 1722 1134 1761 hic
1147 1723 1186 1761 &
1201 1724 1346 1775 ubique

2 1791 4 1793 ¹
76 1777 150 1816 hac
171 1776 351 1830 periodo,
364 1775 466 1826 μηὸὲ
485 1776 531 1815 P.
542 1776 595 1826 μὴ
611 1776 750 1829 ῥιγοῦν,
765 1776 904 1816 omisso
919 1776 963 1816 Se
978 1776 1020 1815 Β.
1076 1779 1147 1814 ead.
1162 1776 1344 1830 Mne’ffliae

78 1830 118 1870 δ’
129 1831 173 1870 Β.
201 1832 225 1872 l.
240 1830 298 1870 18.
312 1831 377 1869 col.
397 1843 427 1869 1.
437 1829 657 1884 Ἐπιθυμῶν)
669 1830 911 1881 ἐπιθυμῶντες
923 1830 1118 1882 legebatur
1129 1830 1165 1868 'm
1180 1829 1347 1884 impress'.

1 1896 5 1935 ζ
76 1883 139 1924 sed
153 1885 317 1924 mutavit
329 1883 504 1924 Solanus.
561 1885 649 1938 Pag.
671 1898 754 1935 197.
770 1885 792 1924 l.
810 1897 840 1934 3.
854 1883 1031 1937 Γνέφωνα)
1047 1884 1105 1923 Sic
1120 1884 1161 1922 B.
1179 1883 1209 1922 F
1212 1885 1234 1922 1.
1248 1884 1293 1922 B.
1309 1898 1344 1924 2.

1 1944 5 1955 ²
79 1940 136 1977 H.
149 1939 194 1978 Ρ.
223 1939 247 1976 l.
265 1952 322 1976 12.
338 1936 663 1991 Ἐκχυθησὸμενει)
679 1938 740 1977 Sic
754 1939 802 1977 A.
818 1937 869 1977 O.
884 1937 923 1976 8(
934 1937 972 1976 P.
988 1939 1027 1977 δε
1043 1937 1155 1989 Angl.
1169 1937 1237 1977 Ms.
1251 1938 1343 1977 Edd.

79 2004 218 2032 omnes
230 1991 329 2030 male
342 1991 629 2041 ἑκλυθησὸμεῖκοι.
656 1995 729 2030 ead.
741 1991 1165 2044 Μακαρίου)μσικαρ·του
1177 1991 1222 2030 Β.
1253 1994 1275 2030 l.
1288 2006 1298 2029 ι
1309 2006 1345 2045 3.

3 2069 9 2078 -
83 2043 160 2084 Οὐκ
174 2044 440 2098 ἀπερχόμεθα)
456 2041 494 2084 οὗ
508 2044 770 2099 κατερχόμεθσι
782 2046 826 2084 B.
854 2048 927 2083 ead.
941 2046 1030 2098 Γὰρ)
1041 2046 1160 2083 Abest
1172 2045 1265 2085 haec
1275 2058 1347 2084 vo-

1 2092 13 2146 ]'ss
78 2100 167 2139 cula
182 2100 219 2138 in
234 2099 279 2138 B.
319 2099 343 2137 l.
359 2112 417 2150 15.
434 2099 496 2138 col.
516 2113 548 2137 1.
562 2099 773 2152 Λακωνικὴ)
787 2099 959 2138 Λατινικὴ
974 2099 1020 2139 C.
1033 2099 1224 2138 mendose.
1268 2100 1348 2138 ibid.

8 2186 14 2202 4
80 2153 145 2192 col.
163 2167 196 2192 2.
211 2150 474 2205 ΪΕγγύτοιτσι)
496 2151 653 2205 ἐγγύτα.
672 2153 812 2192 vitiose
828 2153 971 2192 editum
987 2165 1078 2192 erat.
1148 2153 1243 2204 Pag.
1262 2153 1346 2204 198.

3 2207 16 2260 ξ
81 2207 106 2246 l.
119 2219 150 2245 1.
164 2205 261 2259 Καὶ)
284 2206 332 2245 Et
347 2206 441 2245 haec
454 2206 676 2246 coniunfflo
690 2206 917 2246 defideratur
932 2207 969 2244 in
980 2207 1024 2246 B.
1067 2209 1138 2244 ead.
1154 2205 1349 2256 Ἀνιμῆση-

81 2262 171 2308 ται)
186 2259 392 2308 ἀνασπάσῃ
409 2259 459 2298 R.
488 2259 510 2298 I.
524 2274 560 2312 9.
576 2260 884 2312 Ἀποιγορεὺσ-ας)
901 2257 1084 2300 &vomicas
1102 2259 1173 2298 Ms.
1185 2260 1256 2298 Bo.
1277 2260 1348 2298 Ni-

1 2315 3 2318 ⁴
82 2312 139 2354 hil
151 2314 300 2352 variant
314 2313 395 2352 edd.
451 2314 474 2351 l.
490 2326 548 2352 10.
561 2312 748 2366 Πορθμίοι)
762 2312 937 2366 πορθμεῖα,
956 2313 1080 2352 Schol.
1103 2314 1268 2365 Hcpk’pcioe
1289 2314 1345 2353 Η.

86 2366 158 2406 Sed
171 2367 368 2419 vulgatam
381 2365 531 2406 servant
541 2367 585 2406 Β.
597 2366 626 2405 F
629 2367 652 2406 l.
662 2368 707 2405 P.
719 2368 758 2406 S.
785 2368 808 2405 l.
826 2372 881 2406 16.
894 2368 1206 2420 Evvmo'wvrmw)
1221 2368 1283 2406 Sic
1293 2368 1345 2407 A.

7 2419 13 2436 ⁵
87 2419 138 2460 G.
154 2420 192 2459 P.
206 2420 247 2459 L.
262 2421 500 2473 συνάρπασον
511 2420 591 2460 edd.
603 2421 642 2460 &
654 2421 698 2460 Β.
740 2422 763 2460 l.
778 2435 834 2470 17.
849 2422 912 2460 col.
928 2434 960 2459 1.
974 2421 1241 2473 Ἀνιμὴσηται)
1256 2425 1349 2460 εῖναι-

85 2471 249 2524 fastum
261 2473 358 2513 male
369 2474 510 2514 editum
525 2473 610 2522 fuit,
624 2474 664 2513 «Sc
676 2474 954 2513 ἀνασπάσῃ-ται
967 2488 1037 2526 pro
1050 2476 1270 2514 ἀνασπάσῃ..
1285 2477 1349 2513 So-

10 2547 15 2588 2
87 2527 158 2567 lan.
199 2528 277 2568 ibid.
291 2528 353 2568 col.
369 2542 403 2568 2.
415 2527 732 2581 Ἀπαγορεύσσις)
749 2524 1006 2581 ἀναγορεύσεις
1024 2541 1182 2581 quoque
1200 2529 1347 2580 legeba-
