2015 3490
249 219 331 265 IN
379 217 1159 316 CoNTEMPLANTEs.·
1228 233 1325 282 409

1021 305 1314 320 .....

60 373 116 401 νος
131 363 240 400 ’πόλις
256 358 438 409 ηφανίσδη
457 361 702 413 παραχρῆμα
713 364 819 411 μετὰ
838 375 902 401 την
923 361 995 400 τῶν
1000 362 1136 423 ,Συρων
1152 363 1327 401 κατάλυ-

60 427 132 459 σιν,
157 415 213 452 Ν
202 428 277 453 mus
283 416 398 467 statim
413 417 487 467 post
498 418 643 467 ειεζΙιιιη
655 416 780 467 Alf)
753 430 875 453 norum
893 416 1063 467 imperium
1082 432 1131 454 εν
1131 418 1247 463 muit;
1263 417 1326 456 vel

59 482 139 520 app
138 481 216 506 zrere
232 468 384 527 effutit.
410 469 512 521 Ergo
536 478 673 508 contra
690 468 915 508 Strabonem
936 468 1168 508 Amasenum
1187 471 1231 509 &
1249 471 1326 508 Lu-

60 522 108 560 ci·
109 534 211 560 inum
226 520 535 568 Sannoiatenuim
547 521 762 561 Orientales
780 523 888 562 viros
905 522 945 561 δι’
961 523 1118 570 doum,
1137 536 1213 562 non
1231 525 1324 562 mihi

63 575 217 613 videtur
229 575 388 614 Tacitus
407 575 626 614 audiendus.
641 574 838 627 Deceptus
861 586 964 615 certe
983 575 1081 615 fuit
1075 589 1105 614 ts
1124 570 1327 616 Romanus

59 624 225 680 quadam
239 630 404 668 nominis
417 628 678 676 similitudine,
695 629 734 668 δι
745 642 828 667 eam
842 630 982 668 Ninum
988 630 1237 682 ‚oppidulum
1248 629 1325 669 for

59 692 98 720 te
118 682 180 721 vel
199 681 392 721 castellum
403 693 511 735 ,.cap
515 696 578 722 um
597 682 675 721 fine
690 681 906 721 obfidione
899 696 937 721 in
953 683 1131 730 transitu,
1149 684 1247 722 male
1263 697 1326 724 ac-

0 775 1 778 ,
62 735 164 787 cepit
175 749 246 788 pro
257 735 515 788 antiquiffima
525 736 563 775 δι
577 735 861 795 populofiffima
875 736 933 775 illa
946 737 1053 785 urbe,
1064 750 1162 788 quae
1173 736 1242 776 fuit
1253 736 1325 777 suo

60 799 236 842 tempore
251 789 369 828 totius
391 790 495 829 orbis
516 790 704 836 maxima,
720 790 758 829 &
775 789 894 843 usque
915 791 959 828 ad
980 791 1207 830 miraculum
1230 791 1329 830 cele-

60 843 192 889 brata3
210 843 316 882 aliter
330 856 408 882 non
428 843 618 896 possemus
638 843 768 882 absolv
771 856 834 883 ere
848 843 1075 883 Strabonem
1096 857 1167 883 nec
1190 845 1329 883 Lucia·-

61 909 155 936 num
168 896 360 936 mendacii.
376 897 430 935 At
443 897 554 936 fidem
572 908 777 936 merentur.
793 897 863 937 Sed
877 898 1028 944 milites,
1040 898 1109 950 qui
1122 899 1159 936 in
1172 899 1325 950 expedi-

61 951 167 989 tione
183 963 270 990 cum
284 951 507 990 Meherdate
524 949 699 998 fuerunt,
718 960 845 1004 capta,
861 961 902 990 ut
916 953 1013 997 dixi,
1027 953 1151 1004 aliqua
1164 952 1329 991 urbecu-

61 1003 119 1050 la,
137 1005 248 1043 cuius
259 1016 403 1051 nomen
427 1005 630 1044 accedebat
644 1005 689 1043 ad
701 1003 835 1044 sonum
851 1006 1014 1045 nominis
1034 1006 1212 1066 antiquae
1231 1005 1328 1045 illius

59 1057 246 1103 Ninives‚
261 1070 517 1110 putaverunt,
535 1058 597 1096 vel
612 1058 848 1107 oloriabundi
862 1058 1068 1107 finxerunt,
1083 1058 1117 1098 se
1131 1060 1326 1112 antiquam

61 1110 194 1150 Ninon
208 1111 330 1150 sedem
345 1110 525 1162 Assyriae
546 1125 680 1164 regum
700 1111 857 1164 cepiffe,
872 1112 912 1151 &
935 1114 986 1152 ita
1008 1113 1242 1166 publicantes
1264 1112 1326 1152 fa-

63 1178 148 1204 mae
161 1178 234 1218 pro
249 1178 347 1205 vero
359 1166 597 1205 tradiderunt
610 1166 685 1205 tale
698 1166 953 1206 mendacium.
966 1167 1026 1206 Sic
1038 1167 1247 1206 Alexandri
1260 1168 1330 1205 mi-

60 1217 147 1258 lites
161 1219 352 1259 iafiabant
364 1218 400 1258 se
414 1219 577 1259 Tanaim
592 1219 711 1272 usque
724 1220 957 1272 pervenisse,
973 1234 1060 1261 cum
1074 1221 1120 1260 ab
1139 1234 1188 1260 eo
1203 1221 1328 1261 fluvio

62 1271 228 1313 abessent
242 1273 326 1334 plus
338 1287 454 1325 quam
467 1273 568 1313 mille
580 1273 759 1313 milliaria.
774 1273 836 1314 Sic
851 1275 888 1313 81
901 1274 978 1314 hoc
993 1285 1168 1327 tempore
1183 1275 1327 1314 multos

53 1325 273 1378 ‘Hierosoly
279 1329 442 1367 mitanos
454 1327 600 1379 equites
615 1327 656 1367 &
669 1328 763 1367 alios
775 1339 910 1368 nautas
923 1330 1246 1382 &negotiatores,
1258 1330 1325 1381 qui

59 1379 101 1418 in
122 1381 287 1433 partibus
309 1380 547 1433 Hellesponti
571 1381 634 1420 vel
655 1381 798 1421 bellum
824 1382 1036 1435 gesserunt,
1056 1382 1120 1422 vel
1142 1383 1327 1434 negotiati

60 1432 160 1484 sunt,
176 1434 304 1474 audivi
319 1434 426 1486 saepe
439 1434 706 1481 asseverantes,
718 1434 754 1474 se
769 1436 880 1475 vidis
863 1445 898 1475 e
908 1449 954 1475 an
945 1437 1093 1497 tiquae
1099 1436 1241 1475 Troiae
1253 1450 1296 1475 ru
1304 1451 1331 1475 ι-

61 1499 150 1535 nas,
167 1501 239 1528 nec
252 1489 357 1527 aliter
369 1501 537 1541 unquam
553 1490 605 1527 eis
623 1489 845 1541 persuadere
860 1489 982 1542 potui.
1003 1491 1056 1529 At
1067 1490 1234 1530 Troadis
1251 1490 1327 1543 (de

60 1554 140 1592 qua
152 1541 291 1582 Paulus
302 1541 516 1604 Apostolus
534 1542 646 1594 Epist.
661 1544 707 1582 ad
722 1543 972 1583 Timotheum
989 1543 1049 1595 2.)
1066 1544 1196 1583 ruinas
1215 1545 1330 1583 vide-

59 1605 168 1642 rant,
184 1609 263 1636 non
275 1596 441 1644 Troiae,
455 1597 567 1643 cuius
581 1597 654 1635 iam
672 1608 848 1660 tempore
868 1597 1067 1637 Strabonis
1080 1598 1183 1636 nulla
1203 1597 1327 1636 exsta-

61 1649 153 1688 bant
167 1649 302 1703 vestigi
306 1663 348 1696 a,
363 1663 406 1689 ut
421 1651 470 1689 ait
481 1650 543 1690 ille
557 1650 619 1689 lib.
635 1665 649 1689 1
660 1665 695 1703 3,
709 1647 813 1690 ουὸὲν
828 1651 901 1690 8ὲ”
887 1666 991 1705 ‘xm
1005 1652 1168 1702 σώζεται
1184 1665 1251 1691 της
1268 1652 1329 1703 ἀρ-

60 1717 188 1771 χάίῶς
213 1704 368 1749 πολξωῖ,
395 1718 556 1752 ΕΙΚΟΤως,
581 1702 652 1742 άτέ
671 1706 751 1757 ‘yde
775 1705 1092 1757 enve‘ropssnptevcov
1108 1720 1180 1744 Των
1203 1717 1328 1754 κυκλῳ

61 1756 138 1796 πό)
142 1772 216 1805 ςων,
227 1756 264 1796 οὗ
276 1759 411 1797 τελέως
420 1757 464 1797 ἑὲ
473 1762 812 1807 κατεσπεισμένων,
824 1761 972 1799 ταύτης
983 1758 1054 1798 se’
1040 1773 1081 1797 εκ
1092 1757 1255 1811 βίιθρων’
1238 1773 1328 1797 ανα-

60 1813 334 1863 τετραμαένης,
350 1811 382 1849 οἱ
403 1811 489 1850 λίθοι
503 1811 648 1851 πάντες
667 1811 717 1851 εἰς
735 1813 800 1851 ‘rm
820 1812 959 1851 ἐκείνων
975 1812 1330 1864 ἀνάληψινμετηνέ·

62 1864 120 1917 χθ
124 1879 228 1903 ἥσειν.
239 1865 580 1930 Ἀρχιιιάνοικταγ’
589 1867 647 1904 οὐν
661 1879 762 1915 φασι
776 1868 836 1905 τον
850 1866 1149 1905 Μιτυληναῖονῗεκ
1162 1880 1257 1904 των
1246 1865 1330 1904 :nef-

63 1919 117 1957 Θεν
132 1919 232 1958 Ηθων
247 1923 291 1958 το
307 1926 454 1972 Ea'ystov
470 1919 704 1972 ἐκτειχίσαι,
721 1920 757 1958 id
771 1919 840 1966 est,
853 1920 983 1960 nullum
997 1920 1081 1959 enim
1093 1921 1264 1974 vestigium
1277 1935 1329 1958 re-

58 1974 130 2034 fiat
141 1973 300 2026 antiquae
310 1974 412 2021 urbis,
423 1973 458 2011 δ’
472 1987 546 2012 cum
557 1974 706 2012 ratione·
690 2004 704 2020 ‚
720 1989 799 2013 nam
808 1975 949 2026 vastatis
962 1975 1084 2013 vicinis
1096 1975 1244 2020 urbibus,
1258 1990 1327 2013 non

61 2042 139 2066 vero
147 2025 313 2077 funditus
322 2029 452 2083 eversts,
465 2043 505 2065 ea
518 2043 596 2067 vero
609 2044 630 2065 z
638 2027 872 2078 fitndamentis
884 2030 1003 2077 uelem,
1017 2044 1128 2067 omnes
1140 2029 1268 2080 lapides
1279 2030 1327 2066 ad

62 2080 207 2120 aliarum
221 2078 490 2134 instaurationem
504 2081 724 2134 transportati
729 2082 826 2132 sunt.
846 2083 965 2134 Itaque
983 2083 1269 2121 Archaeanafflem
1281 2098 1324 2120 a·

61 2134 138 2173 iant
150 2135 409 2187 Mitylenensem
424 2136 557 2188 Sigeum
573 2150 666 2175 muro
682 2135 924 2188 circumdedzffe
940 2152 982 2175 ex
997 2136 1166 2187 lapidibus
1181 2136 1323 2174 indidem

61 2189 215 2240 acceptis.
227 2190 349 2229 Urbs
342 2189 470 2241 igitur,
483 2190 595 2228 cuius
608 2188 754 2228 nullum
769 2190 970 2241 vestigium
986 2189 1155 2229 exstabat
1168 2201 1325 2242 tempo-

59 2255 105 2282 re
115 2241 314 2282 Strabonis
333 2243 374 2282 &
390 2242 573 2295 Augusti,
591 2242 661 2281 sub
675 2256 755 2295 quo
770 2243 906 2282 Strabo
923 2244 1107 2290 florebat5
1123 2256 1201 2282 non
1217 2255 1326 2295 pote-

60 2305 122 2335 rat
137 2296 281 2336 exstare
295 2308 470 2349 tempore
491 2274 719 2336 Meherdatis
738 2296 805 2335 iub
826 2296 1003 2337 Claudio.
1023 2297 1134 2336 Plura
1149 2298 1194 2336 ad
1210 2297 1246 2335 id
1266 2310 1326 2335 ar-

61 2361 288 2402 gumentum
302 2350 486 2390 adducere
503 2350 644 2403 poflem
656 2380 667 2396 ‚
681 2350 938 2390 &illustrem
930 2364 968 2389 m
983 2351 1101 2390 literis
1117 2352 1241 2390 virum
1256 2364 1325 2390 ca-

62 2405 220 2456 stigare,
235 2405 303 2457 qui
314 2417 364 2443 eo
375 2435 386 2451 ‚
403 2405 508 2456 quod
521 2405 752 2444 Ammianus
766 2405 1016 2444 Marcellinus
1030 2405 1145 2443 Ninos
1157 2405 1328 2444 nomina-

61 2457 144 2503 vit,
158 2470 236 2497 non
257 2458 447 2497 dubitavit
469 2459 509 2496 in
532 2458 673 2497 eximio
697 2459 959 2509 epm-emotis
983 2458 1120 2498 scilicet
1145 2459 1189 2497 ad
1211 2457 1325 2497 Euse-

63 2510 170 2553 bium
182 2543 193 2561 ‚
207 2511 368 2553 scribere
381 2528 389 2552 ε
410 2512 541 2553 Nmive
551 2525 662 2553 autem
674 2514 784 2552 adhuc
795 2513 923 2565 integra
933 2514 1043 2565 [labat
1052 2528 1134 2551 aevo
1146 2512 1325 2551 Ammiani
