2015 3490
252 263 321 308 IN
357 263 444 309 DE
480 262 784 309 MERCEDE
821 264 1200 312 CONDUCTIS.
1274 282 1360 331 533

99 351 324 392 ’Amaltheam
342 353 523 401 nomine3
539 366 638 405 quae
652 353 836 406 posterior
851 355 948 394 ratio
961 368 1048 394 cum
1064 357 1221 395 nomine
1241 355 1363 396 Grae-

105 418 157 445 co
171 407 319 458 optime
336 407 532 446 convenit.
549 407 778 446 Philemonis
796 419 923 447 tamen
940 420 1062 448 aetate
1080 411 1190 448 Cornu
1203 411 1362 448 bovinum

104 471 128 497 a
149 459 356 511 pictoribus
369 460 490 512 vulgo
503 459 740 512 fingebatur;
757 462 831 500 vid.
855 461 988 513 fragm.
1011 464 1093 501 eius
1113 475 1195 515 pag.
1211 476 1295 514 322.
1316 464 1365 502 Et

103 511 222 551 Ovid.
236 513 330 552 Fast.
343 515 396 561 V,
420 528 434 552 1
449 527 461 551 1
474 526 504 564 ς.
526 514 587 553 Ne
599 525 725 552 autem
741 514 841 553 forte
855 515 1042 555 existimes
1053 545 1064 561 ,
1080 515 1164 555 solis
1179 516 1364 555 Romanis

102 563 274 605 fabulam
297 566 396 605 illam
413 567 574 606 Acheloi
594 568 791 613 traditam,
814 568 873 606 adi
896 569 1033 614 etiam,
1050 569 1078 608 fi
1096 568 1225 615 lubet,
1247 570 1364 609 Diod.

35 652 51 658 c
103 618 175 659 Sic.
191 618 264 668 lv,
277 634 315 673 p.
330 634 421 669 241,
438 620 477 659 δι
492 620 674 673 Apollod.
692 620 715 659 1.
731 634 765 661 c.
777 621 934 660 SOLAN.

156 676 228 712 ead.
237 674 262 712 l.
276 685 308 724 5.
321 677 492 713 Φύλλινος
503 674 699 725 στέφανος)
713 675 939 727 Metaphora
950 675 998 714 ab
1009 675 1171 722 athletis,
1184 676 1251 729 qui
1263 677 1362 716 olea-

104 723 198 772 fito,
211 734 338 773 lcuro,
349 728 413 767 vel
426 727 516 777 apio
527 728 827 766 coronabantur.
850 729 988 767 BROD.

157 783 231 819 ead.
244 783 266 819 l.
281 794 339 820 10.
355 783 400 818 Tb
413 781 476 821 τῆς
487 776 623 833 εὗχιῖς)
637 781 780 825 Eodem
795 781 960 821 alludere
972 782 1108 821 iterum
1121 782 1270 822 videtur
1286 789 1363 823 Πα-

102 847 188 884 ρεισ.
206 847 239 873 c.
258 848 317 881 11,
336 834 400 873 ubi
416 847 465 874 ex
480 833 622 886 Ulyffis
637 833 765 874 fabula
778 836 937 888 petitum
951 836 1071 875 videri
1090 836 1187 876 vult.
1205 837 1364 878 SOLAN.

156 887 237 927 ibid.
251 887 517 928 Ἀποτείναντοι
526 888 578 927 τὼ
589 887 707 941 πόδε)
721 888 899 928 Erasmus
911 890 948 927 in
963 890 1109 941 adagio,
1116 891 1272 942 porreblis
1285 895 1364 930 dor-

101 940 182 980 mire
194 942 343 993 ¹redibas.
358 942 496 981 BROD.
522 941 647 994 Quod
669 955 704 994 p.
721 957 795 995 237
817 943 910 981 dixit
925 942 1220 994 ἐξυπτιάζονται.
1239 943 1302 983 Sic
1324 946 1363 984 in

101 994 224 1037 Paras.
238 992 373 1034 ὕπτιος
386 994 560 1043 ἀφεικώς.
576 997 698 1048 tangit
711 995 870 1035 casaub.
892 996 940 1035 ad
953 997 1016 1036 lib.
1032 1010 1053 1035 2
1069 995 1172 1036 Suet.
1186 998 1361 1039 BOURD.

156 1048 192 1087 in
205 1049 318 1089 Schol.
335 1050 396 1089 col.
416 1062 446 1088 1.
466 1050 489 1088 l.
509 1063 542 1101 3.
568 1049 696 1103 Γάλα)
722 1050 939 1089 Eustathius
961 1051 1007 1090 ad
1024 1063 1063 1089 v.
1084 1063 1154 1102 532
1178 1050 1363 1103 Dionysii

101 1100 341 1155 Periegetae‚
366 1103 462 1143 hanc
477 1104 522 1142 de
536 1102 654 1142 Samo
676 1105 908 1154 paroemiam
924 1103 1139 1156 usurpatam
1155 1103 1229 1144 effe
1249 1107 1316 1145 ait:
1340 1106 1362 1146 ὓ

101 1154 148 1195 s&
166 1156 295 1208 Σίιμος
308 1152 405 1196 αὕτη
420 1157 548 1196 Ἰωνικὴ
563 1157 664 1196 πάνυ
678 1153 876 1209 ηὐτὺχπσέ
891 1172 1002 1204 ποτε,
1023 1155 1069 1196 (ὃς
1083 1158 1147 1197 nx}
1158 1173 1365 1209 παροιμια-

106 1208 237 1251 carium
251 1209 366 1264 γάλα,
380 1209 507 1262 ὀρνίθων
518 1210 634 1262 φέρειν
649 1207 782 1257 αὐτὴν,
799 1212 870 1263 ipfh
884 1214 1007 1250 Samos
1019 1211 1141 1250 -Jonica
1158 1214 1256 1251 valde
1267 1212 1365 1263 fi’lix

93 1262 189 1315 ficit,
213 1267 300 1302 unde
313 1265 563 1317 proverbialiter
582 1265 754 1304 dicebatur
770 1265 825 1304 lac
847 1266 1070 1318 gallinaceum
1086 1264 1247 1318 proftrre.
1269 1267 1360 1306 Vid.

102 1317 216 1357 etiam
238 1317 402 1358 Suidam.
422 1317 550 1357 CLER.

155 1371 246 1424 Pag.
260 1386 348 1425 232.
361 1374 382 1411 l.
393 1387 429 1420 4.
439 1371 660 1424 Προτὲλεια)
673 1371 940 1425 Metaphor1ce
949 1371 1060 1412 sumit
1071 1373 1303 1424 προτέλειιιν,
1316 1384 1359 1413 ut

101 1435 206 1478 patet
225 1426 325 1476 apud
339 1425 506 1477 Hesych.
518 1425 593 1464 Alii
606 1425 780 1465 dixerunt
793 1428 1074 1478 πρωτοτέλςιοιν,
1087 1436 1130 1465 ut
1144 1437 1244 1477 patet
1258 1428 1360 1479 apud

100 1477 240 1519 Achill.
255 1479 343 1521 Tat.
358 1479 420 1518 lib.
437 1479 677 1519 2.Scholiast.
694 1478 876 1531 Aeschyli
890 1481 935 1519 ad
948 1480 1111 1532 Agamn.
1131 1480 1304 1519 Eoum).

154 1536 227 1571 ead.
240 1533 264 1572 l.
278 1532 315 1572 8.
326 1531 465 1586 Δοκῇς)
481 1533 706 1573 Emendatio
719 1534 866 1573 Vorstii
876 1565 886 1582 ‚
906 1547 1023 1587 quam
1034 1533 1159 1573 firmat
1172 1535 1227 1573 M.
1244 1534 1362 1575 Codi-

101 1584 155 1627 cis
169 1586 387 1627 auctoritas.
409 1586 566 1637 SOLAN.

154 1643 228 1679 ead.
243 1642 269 1679 l.
283 1655 319 1693 9.
340 1640 623 1694 Ἀκκισέιμενος)
643 1640 706 1680 De
721 1641 762 1681 iis
774 1640 991 1693 usurpatur,
1005 1641 1071 1692 qui
1085 1653 1174 1680 cum
1188 1641 1360 1693 indigna-

100 1692 208 1733 tione
219 1707 263 1734 ea
274 1707 436 1735 renuere
447 1696 638 1742 videntur,
649 1708 747 1748 quae
757 1696 915 1748 cupiunt
927 1695 1104 1734 maxime.
1116 1695 1293 1734 Vorstius
1306 1708 1362 1735 ta-

101 1760 190 1787 men
201 1749 423 1788 emendabat
435 1748 696 1799 ἁπωσέιμενος,
718 1751 822 1802 quod
838 1749 992 1788 minime
1005 1749 1149 1800 probo:
1169 1761 1307 1788 verum
1323 1751 1362 1789 id

101 1802 152 1839 ab
167 1814 215 1841 eo
230 1801 371 1842 factum
383 1802 457 1842 effe
467 1804 603 1851 video,
623 1804 687 1855 qui
703 1816 835 1843 veram
859 1802 1078 1854 scripturam
1095 1815 1174 1840 non
1189 1803 1360 1851 viderat3

100 1854 140 1893 in
147 1857 230 1895 B.2.
238 1857 353 1904 enim,
365 1870 443 1909 qua
450 1857 643 1903 utebatur,
652 1856 787 1910 scriptu
794 1872 829 1896 m
839 1857 890 1896 est
899 1855 1199 1909 depravatiffime
1208 1856 1363 1895 ἁκοισέι-

98 1923 224 1960 μενος.
234 1909 306 1950 Sed
316 1912 438 1963 proba
448 1911 501 1950 est
512 1911 684 1964 vulgata,
699 1912 790 1950 &in
800 1912 854 1952 M.
868 1911 980 1950 etiam
995 1911 1190 1962 reperitur.
1199 1910 1358 1950 SOLAN.

155 1963 233 2003 ibid.
245 1965 313 2004 Καὶ
326 1964 484 2018 ἄπαγε)
496 1966 631 2019 Apage.
649 1960 760 2006 Servi
774 1966 902 2005 oratio
913 1964 980 2012 est,
993 1964 1195 2016 pecuniam
1208 1965 1360 2018 accipe-

103 2029 145 2056 re
160 2018 334 2058 nolentis.
357 2019 497 2058 BROD.

155 2071 235 2110 ibid.
255 2074 364 2124 Ποιρέι
378 2071 444 2112 σοῦ
452 2074 469 2122 )
483 2073 564 2111 Abs
577 2085 607 2112 te
621 2087 680 2125 ego
694 2074 874 2127 quidquam
881 2072 1046 2124 sumam?
1059 2071 1199 2110 BROD.

154 2129 228 2164 ead.
239 2126 262 2164 l.
280 2139 339 2166 10.
350 2125 557 2181 Ὕπειπὼν)
576 2127 635 2167 Sic
646 2128 701 2167 M.
714 2128 757 2167 In
772 2127 927 2180 reliquis
940 2125 1116 2165 ἐπειπών.
1137 2125 1295 2165 SOLAN.

154 2179 234 2218 ibid.
247 2183 358 2220 Τέλος
368 2180 545 2234 ἐπείσθη)
561 2183 708 2220 Tandem
715 2183 870 2234 flebiitur.
889 2181 982 2219 BRO
989 2190 1029 2218 D.

156 2237 230 2271 ead.
245 2234 267 2271 l.
286 2248 300 2272 1
313 2248 344 2273 1.
367 2235 436 2275 Κοιὶ
457 2235 594 2275 ἄπεισί
609 2235 695 2290 σοι)
713 2237 771 2275 Ac
785 2235 939 2287 discedit,
961 2245 990 2272 te
1008 2234 1076 2271 late
1090 2232 1222 2271 diduao
1245 2246 1298 2271 ore
1313 2230 1360 2270 ri-

104 2287 198 2325 dens.
216 2287 357 2327 BRon.
1229 2317 1231 2320 .

154 2341 234 2382 ibid.
247 2340 466 2394 Ἐ’γχοινὼν)
483 2341 571 2381 Vid.
584 2341 685 2395 supr.
695 2341 796 2383 Dial.
809 2351 922 2381 mort.
934 2341 989 2385 V,
1004 2339 1102 2378 med.
1121 2338 1279 2377 SOLAN.

156 2396 229 2432 ead.
241 2396 263 2433 l.
285 2409 341 2434 12.
362 2395 442 2448 Ὡς)
459 2395 519 2435 Sic
534 2396 590 2436 M.
607 2407 651 2435 ut
664 2401 810 2449 Συγγρ.
826 2408 859 2434 c.
874 2409 888 2433 1
900 2409 919 2432 2
931 2424 941 2441 ‚
963 2394 1005 2433 &
1020 2393 1165 2443 saepius
1177 2391 1276 2443 apud
1287 2403 1360 2431 no-

93 2445 220 2487 ,strum
234 2447 403 2502 aliosque
416 2450 563 2501 probos
575 2448 784 2502 scriptores.
807 2449 951 2488 Aberat
963 2448 1002 2486 in
1015 2446 1178 2498 reliquis.
1199 2444 1357 2484 SOLAN.

157 2502 237 2541 ibid.
254 2503 510 2553 Κοσμιώτοιτοι
527 2503 803 2558 σχηματίσας)
827 2503 886 2542 Sic
908 2502 946 2541 in
967 2500 1070 2541 Gall.
1092 2499 1254 2553 explicat
1271 2498 1367 2537 iuuet

105 2556 233 2597 verbis
245 2554 320 2611 seq.
335 2557 511 2599 Βουκο-

26 983 47 990 x

1021 2606 1125 2660 Ll3
