2015 3490
218 246 303 293 IN
345 242 1103 292 CONTEMPLANTES.
1206 261 1296 311 403

83 339 156 378 ead.
165 337 188 375 I.
201 351 217 375 1
230 350 244 375 1
253 365 262 375 .
272 334 547 389 Παμμέγεθες)
560 335 614 374 Ut
626 333 762 374 Plauto
772 334 962 373 exclamare
975 337 1159 375 maximum
1168 350 1185 383 ;
1198 337 1305 389 quod

33 403 142 432 notat
160 388 292 430 Davis.
305 391 351 428 ad
366 389 493 429 Cicer.
506 389 554 428 T.
568 387 618 426 D.
633 387 668 426 11
685 418 696 436 ,
712 402 772 440 23.
789 388 944 427 Lucian.
959 394 1040 428 Νεκ.
1057 402 1089 428 c.
1109 404 1132 441 9
1143 419 1153 436 ,
1169 390 1208 429 ὅ(
1221 390 1305 442 περὶ

35 445 138 485 Πενθ.
155 457 187 483 c.
205 458 265 497 19,
282 442 532 496 παμμέγεθες
546 442 856 494 ἀνακαγχάσαι.
876 441 1037 481 Protulit
1052 443 1154 482 hunc
1170 445 1304 483 locum

34 500 75 539 L.
89 500 168 538 Bos
179 498 313 536 Exere.
327 496 421 535 Phil.
445 497 481 534 in
497 496 511 535 1
528 496 574 534 acl
587 495 762 534 Timoth.
776 495 854 540 VI,
866 509 903 544 7.
919 495 1068 534 Tatian.
1083 511 1117 548 p.
1132 499 1197 545 64,
1218 496 1304 536 Διό-

37 567 120 603 περ,
135 547 354 595 ἑῧἝλληνες,
369 549 599 602 κεκραγότος
616 545 740 599 ὥσπερ
751 548 830 587 άπὸ
844 548 911 587 τοῦ
921 550 1102 602 μετεώρου
1116 550 1305 589 κατακού-

35 607 132 647 σατὲ
147 620 231 655 μου.
260 604 423 643 HEMST.

88 659 180 710 Pag.
197 672 254 711 59.
267 659 290 695 l.
308 670 364 696 ιο.
384 653 467 695 Οἶὸν
480 669 550 707 περ
565 655 796 708 Ὀδυσσεὺς)
812 657 973 695 Homer.
986 656 1061 696 Od.
1075 660 1122 696 M.
1139 657 1276 699 BROD.

91 714 165 751 ead.
177 713 200 751 l.
215 710 319 764 13.‘H
335 707 442 762 Λήθη)
459 710 579 748 Lethes
587 710 744 761 fluminis
758 725 861 762 aqua.
884 710 1023 748 BROD.

92 766 180 819 Pag.
197 767 259 804 60.
275 765 299 802 l.
318 778 350 803 1.
363 762 633 816 Ἐμβοὴσωμεν)
649 763 709 802 Sic
726 764 893 802 omnino
906 764 1107 815 legendum
1118 795 1130 811 ‚
1147 778 1224 805 non
1241 766 1303 815 ε’μ·

35 817 252 869 βοήσαιμεν,
268 830 310 858 ut
324 818 361 856 in
380 819 483 857 libris
498 816 562 855 est.
588 818 617 855 V
627 817 674 855 id.
691 817 835 856 Notam
848 817 892 855 ad
906 816 998 871 Εὗχ.
1017 830 1050 856 c.
1071 833 1115 858 io
1128 848 1138 867 ,
1164 820 1205 859 δι
1219 818 1302 859 sen·

37 872 118 913 sum
132 873 249 911 huius
261 871 371 911 verbi
385 871 484 910 Πενθ.
497 884 529 910 c.
549 884 562 908 t
575 885 605 921 5.
629 871 784 910 SOLAN.

92 928 165 965 ead.
181 927 205 964 l.
222 941 256 965 2.
281 928 456 976 Περιττον
470 925 578 963 τούτο
595 925 738 978 λέγειν,
757 924 784 962 δί
798 923 947 977 ἴσασιν)
963 925 1022 964 Ne
1041 939 1156 978 quem
1177 925 1302 966 offen-

37 980 100 1020 dat
111 981 246 1019 haecce
257 978 508 1024 construetio,
524 978 652 1017 videat
664 978 745 1017 eius
756 979 931 1030 exempla
944 993 1004 1031 ap.
1015 979 1055 1018 F.
1064 980 1105 1018 L.
1117 980 1301 1021 Abresch.

38 1034 77 1074 in
90 1033 278 1072 animadv.
289 1032 335 1071 ad
348 1031 529 1083 Aeschyl.
543 1046 578 1085 p.
595 1045 609 1069 1
619 1030 668 1070 86
678 1062 689 1079 ‚
711 1032 775 1070 ubi
786 1031 814 1069 ἃ
826 1032 1005 1072 observat
1017 1033 1148 1073 referri
1161 1034 1205 1072 ad
1219 1033 1305 1074 τοῦ·

38 1101 85 1126 το
96 1119 107 1136 ,
127 1086 351 1132 εοὶίεξὶίνε,
370 1097 414 1124 ut
430 1086 470 1124 in
481 1084 662 1136 Aeschyl.
675 1085 771 1125 Pers.
787 1099 877 1135 217,
895 1088 931 1124 Ei
948 1091 990 1126 TI
1010 1086 1174 1139 φλαῦρον
1187 1084 1303 1137 siser,

38 1141 146 1181 αἰτοῦ
164 1143 257 1178 ΤΩΝ
270 1144 331 1179 ΔΕ
341 1139 554 1190 ἀποτροπὴν
567 1138 710 1184 λαβεῖν.
724 1140 772 1178 Et
785 1140 964 1191 Xenoph.
978 1140 1053 1179 Vll
1070 1145 1106 1180 K.
1121 1144 1160 1180 A.
1175 1156 1210 1194 p.
1225 1157 1299 1195 243

39 1195 293 1235 ult.2s1ANlA
306 1193 351 1233 Σὲ
365 1187 671 1244 ἐ’χοντεςεὈΤΟΥ
682 1191 864 1250 ὀχήσεσὲῖε.
877 1193 1076 1233 Demosth.
1091 1195 1128 1233 in
1142 1196 1245 1248 Lept.
1265 1211 1303 1249 p.

44 1262 131 1302 302,
150 1244 227 1287 Οὐκ,
241 1247 340 1288 ἔστιν
350 1242 493 1285 ”ΟΤΟΊ”
505 1244 542 1286 οὗ
557 1245 781 1297 τυχεῖνὮΝ
797 1245 1049 1292 ἐβουλήθησαν.
1065 1249 1111 1288 Et
1124 1249 1214 1288 illud
1227 1250 1304 1289 Lu-

40 1303 137 1343 ciani
158 1302 270 1341 etiam
285 1301 404 1348 addit,
420 1313 500 1340 non
517 1301 635 1339 male:
652 1300 719 1339 etsi
732 1301 831 1339 enim
847 1301 880 1339 id
896 1301 1016 1354 posset
1028 1301 1221 1350 construi,
1240 1304 1304 1342 λέ-

41 1370 123 1410 γειν
136 1355 162 1394 ὁὶ
173 1356 316 1402 ἴσασιν,
327 1353 439 1394 τοῦτο
450 1353 623 1407 περιττόν
636 1354 735 1400 ἐστι,
747 1366 907 1407 tumque
922 1356 1015 1394 nihil
1034 1355 1222 1409 singulare
1242 1357 1307 1396 ha-

41 1411 173 1458 beret3
195 1420 321 1448 tamen
335 1409 495 1448 alterum
509 1421 588 1447 non
610 1406 786 1460 displicet.
807 1409 954 1447 Rzrrz.

96 1466 169 1502 ead.
181 1464 203 1501 l.
218 1478 250 1516 3.
261 1462 597 1514 Ἀποο-πάσαντες)
613 1461 651 1500 Ρ.
666 1463 706 1501 &
721 1462 776 1501 ed.
793 1463 822 1501 J.
842 1475 914 1516 pro
929 1462 1094 1515 vulgato
1108 1463 1306 1503 άποστάν.

43 1531 118 1556 τες.
135 1517 292 1556 SOLAN.
305 1515 620 1556 Ἀποσπάο-οιντες
630 1516 722 1568 quid
736 1515 871 1556 causae
883 1515 940 1561 fit,
951 1530 1070 1568 quare
1080 1517 1306 1566 admiserim,

42 1569 257 1612 luculenter
270 1571 411 1623 patebit
427 1583 474 1609 ex
488 1570 589 1608 notis
604 1571 648 1608 ad
662 1570 753 1609 Vol.
768 1570 828 1616 ΙΙ,
850 1583 936 1622 pag.
952 1571 1014 1608 60.
1037 1582 1305 1623 praeterquam

43 1627 144 1666 enim
156 1625 262 1677 quod
277 1637 398 1677 genus
410 1623 484 1663 hoc
497 1624 675 1675 loquendi
686 1624 855 1663 Luciano
871 1622 1065 1671 familiare,
1081 1625 1148 1663 vix
1163 1626 1247 1672 erit,
1263 1637 1307 1664 ut

45 1679 148 1719 ullus
167 1680 344 1719 librarius
358 1677 660 1730 vulgatissimum
687 1677 928 1717 ἀποστάντες
949 1688 1096 1718 mutare
1114 1679 1308 1731 aggredia-

46 1743 128 1773 tur:
152 1744 286 1772 contra
310 1745 381 1772 cur
403 1731 706 1771 ἀποσπάσαντες
726 1731 860 1770 abierit
882 1732 921 1769 in
944 1732 1200 1781 ἀποστάντες,
1225 1746 1308 1772 non

45 1800 124 1826 una
142 1787 245 1826 reddi
259 1784 381 1840 potest
396 1787 514 1825 ratio:
538 1798 582 1823 ea
593 1786 747 1838 quidem
761 1785 962 1837 praecipua
974 1816 986 1832 ,
1006 1787 1109 1838 quod
1124 1787 1308 1840 interpre-

48 1850 258 1880 tamentum
270 1838 673 1893 genuiniverbisedem
686 1838 873 1878 invaserit.
883 1838 1035 1877 Aristid.
1047 1840 1094 1879 T.
1108 1840 1172 1885 ΠΙ,
1184 1854 1219 1891 p.
1233 1854 1308 1892 577

47 1896 98 1935 A.
111 1894 209 1934 πολὺ
224 1893 286 1935 τῆς
300 1894 418 1948 ’ὄχθης
436 1893 679 1933 ἀποσπάσας
691 1892 757 1932 τοῦ
771 1892 960 1941 ποταμοῦ.
983 1892 1077 1932 Poll.
1090 1894 1207 1934 Praef.
1223 1895 1309 1933 libri

51 1947 107 1995 V,
118 1948 148 1987 εἰ
158 1951 293 1999 μέλλει
305 1944 536 1999 καθαιρήσειν
548 1949 603 1984 τά
618 1946 858 1986 ἀποσπῶντα
873 1944 1078 1994 ἀφ’ἵππου·
1092 1961 1190 2000 quae
1202 1948 1309 1988 Kuh-

48 2002 136 2042 nius
148 2003 194 2042 ab
205 2003 410 2054 interprete
425 2013 622 2054 perperam
636 2000 823 2041 intellecta
835 2001 936 2040 rech
945 2000 1133 2054 exposuit.
1145 2003 1310 2046 HEMST,

103 2058 178 2095 ead.
195 2057 219 2095 l.
238 2070 251 2094 1
264 2070 294 2094 1.
309 2056 362 2104 Ἐν
374 2055 446 2106 ἔτι)
462 2055 592 2094 Scribe
605 2053 640 2093 ἓν
655 2054 721 2094 ἔτι.
746 2055 887 2093 BROD.

105 2112 177 2149 ead.
191 2111 215 2149 l.
233 2124 290 2162 13.
313 2108 560 2162 (θεάσασθαι)
575 2109 761 2147 Authaec
777 2121 860 2147 vox
873 2137 884 2155 ,
901 2118 967 2147 aut
980 2107 1117 2147 eiers'voec
1131 2108 1309 2148 abundat.

51 2163 209 2203 SOLAN.
233 2162 378 2203 Cursus
389 2162 576 2202 orationis
588 2163 788 2215 paululum
808 2163 1029 2214 impeditus3
1053 2175 1122 2201 nec
1135 2162 1241 2201 facile
1257 2164 1314 2201 di-

51 2230 135 2267 cas,
154 2217 328 2256 studione
349 2230 398 2255 an
414 2217 633 2269 imprudens
651 2217 792 2255 eumin
807 2217 964 2255 modum
984 2214 1166 2269 scripserit
1176 2216 1317 2256 Lucia-

55 2284 149 2310 nus:
171 2271 415 2324 repetendum
433 2283 481 2309 ex
499 2270 690 2323 prioribus
702 2271 848 2309 ἐπόθουν
864 2270 1098 2309 θεάσασθαι·
1114 2281 1196 2309 tum
1208 2283 1315 2332 cape,

54 2323 161 2377 quasi
177 2325 281 2364 hunc
294 2326 467 2364 ordinem
482 2325 692 2363 verborum
707 2324 929 2371 instituisset,
943 2325 1017 2361 τας
1033 2322 1240 2372 αποθῆκας,
1256 2323 1316 2364 ἱνα

55 2381 111 2418 τα
122 2380 288 2428 σώματα
299 2378 578 2431 κατορύττουσι.
602 2377 804 2430 Quoniam
825 2390 923 2416 vero
939 2379 1012 2415 τὰς
1031 2376 1226 2417 ἀποθήκας
1245 2377 1317 2417 τῶν

59 2434 245 2481 σωμάτων
255 2432 429 2481 Charon,
443 2442 626 2484 tanquam
640 2434 809 2484 ignarus,
822 2431 960 2483 quibus
972 2432 1136 2483 propriis
1148 2432 1318 2471 vocabu-

57 2485 102 2525 lis
114 2485 374 2539 infigniantur,
390 2498 672 2526 commemorat
683 2516 696 2531 ,
713 2486 854 2525 idcirco
869 2497 949 2523 non
963 2485 1089 2523 noluit
1104 2486 1321 2524 Mercurius

57 2540 186 2585 varias
208 2541 446 2581 tumulorum
461 2539 560 2593 apud
575 2539 749 2580 Graecos
767 2539 1040 2631 appellatio-[aies
1060 2539 1188 2579 obiter
1207 2538 1322 2585 soda2

1003 2604 1024 2632 c
1054 2606 1076 2631 2
