2015 3490
276 215 360 262 IN
410 213 1120 262 NECYOMANTIAM.
1236 230 1324 281 335

65 300 381 357 {administrationem
392 305 593 343 emendando
603 319 739 343 auream
750 306 874 342 reddere
885 305 918 342 6·
923 303 1203 356 perfi’bltffi'mam:
1218 302 1329 346 facile

66 354 235 396 Platonis
245 357 377 397 leetori
389 358 602 410 paroemiae
619 370 751 410 parum
765 369 887 409 gnaro
897 358 1062 397 accidere
1075 357 1212 421 potuit,
1223 360 1331 409 quod

70 408 330 456 Leunclavio,
349 412 417 462 qui
440 424 477 449 in
494 410 624 450 Dione
639 409 765 450 caffio
780 425 816 462 p.
835 412 908 462 336
925 411 974 449 A.
997 423 1067 461 pro
1083 407 1179 448 ὥστε
1189 416 1331 470 ζρυσὶμ

71 462 140 502 την
151 462 220 501 τοῦ
233 465 415 515 Καίσαρος
427 464 640 516 μοναρχίαν
651 461 812 513 φοιννῖνοιι
823 464 958 515 reponi
972 463 1069 502 iuffit
1083 457 1235 515 χρυσῖῖν·
1242 476 1330 504 ·-ma

70 516 107 555 le
120 515 316 568 profeElo3
332 529 562 568 quamquam
578 516 708 556 favere
722 518 892 556 videatur
906 518 1073 556 Zonaras
1085 517 1254 556 Dionem
1264 532 1328 557 ex-

69 567 247 617 scribens,
262 572 362 622 apud
377 583 506 622 quem,
521 580 562 608 ut
576 569 676 609 reae
689 569 860 609 Valesius
875 569 1065 615 observat,
1085 570 1261 611 mendose
1275 573 1329 612 le-

69 623 182 674 gitur,
203 619 300 662 ὥστε
317 625 489 675 χρηστην
507 637 572 662 την
593 638 658 662 του
681 623 897 690 ἀνῃρημένου
913 624 1092 672 Καίσαρος
1113 627 1327 675 μοναρχίαν

68 677 300 731 νομιζεσῧοιι,
313 689 383 728 pro
395 690 554 728 χρυσνιν,
567 677 629 716 vel
646 678 772 728 potius
782 678 934 728 χρυσὸν·
945 689 1009 715 eas
1020 677 1197 729 utrasque
1209 691 1327 719 voces

65 741 342 782 nonnunquam
357 743 424 782 per
442 742 609 769 errorem
623 731 720 769 inter
735 729 770 769 se
786 731 1004 782 permutari,
1021 742 1125 769 nunc
1143 743 1221 769 uno
1239 741 1326 770 tan-

66 792 148 821 tum
164 783 335 822 Theonis
357 784 448 823 loco
470 784 668 831 docebo,
659 796 698 821 in
713 785 819 822 cuius
835 783 1042 846 Progymn.
1057 797 1091 835 p.
1115 783 1164 835 65
1182 799 1249 823 οιον
1262 786 1325 824 καὶ

65 837 175 888 παρὰ
196 836 430 888 Μενάνδρῳ
416 852 450 876 εν
471 851 514 875 τη
541 835 696 896 χρηστῖῖ
720 835 918 896 Ἐπικληρῳ
940 849 1134 895 perperam
1155 837 1327 877 exhiberi

66 888 279 941 persuasum
293 890 417 929 habeo
432 903 502 942 pro
515 890 548 929 ἐν
561 905 603 928 ‘tn
617 904 755 943 χρυσῇ,
772 892 807 928 in
816 906 920 929 aurea
925 889 1051 941 fabula
1065 891 1232 941 Epiclero.
1242 891 1324 930 Iam

66 941 96 980 st
111 942 278 982 Luciano
293 942 462 982 restituas
475 944 519 982 ad
533 943 629 986 hanc
640 956 814 982 normam
835 947 974 996 χρυσον
990 943 1097 982 &vrrs
1098 943 1213 995 ειξαν,
1228 947 1326 996 opti-

67 1008 130 1035 me
142 996 319 1035 sententia
336 997 538 1057 procedet:
557 997 763 1056 Menippus
777 997 824 1035 ad
836 996 1085 1057 philosophos
1097 995 1132 1035 se
1152 999 1324 1037 contule-

65 1060 140 1097 rat,
155 1061 197 1088 ut
210 1050 311 1090 vitae
325 1050 512 1089 rationem
530 1051 727 1090 contrariis
739 1051 1004 1102 opinationum
1019 1049 1195 1089 fluetibus
1207 1052 1323 1103 agita-

64 1111 141 1141 tam
157 1104 196 1141 in
210 1114 296 1143 tuto
315 1103 541 1143 collocaret:
557 1116 615 1142 res
634 1105 748 1156 longe
770 1104 896 1151 iecus,
912 1116 956 1143 ac
975 1103 1212 1156 speraverat,
1226 1118 1277 1144 ev
1280 1119 1321 1144 e-

62 1155 139 1195 nit:
157 1156 209 1195 ibi
224 1157 353 1196 omnia
366 1157 489 1196 multo
504 1158 621 1210 magis
634 1157 788 1202 incerta,
805 1158 846 1197 δι
862 1156 1028 1197 inscitiae
1047 1168 1153 1196 tanto
1168 1159 1321 1210 peioris,

61 1209 169 1261 quod
182 1209 384 1263 sapientiae
395 1211 509 1250 titulo
526 1222 825 1262 praetexeretur,
844 1211 1007 1250 tenebris
1027 1210 1200 1250 involuta
1212 1225 1320 1265 repe-

62 1263 132 1310 rit,
147 1262 197 1303 sic
206 1275 248 1303 ut
261 1266 411 1302 tandem
426 1264 570 1317 liquido
585 1264 821 1317 perspiceret,
837 1265 1038 1303 hominum
1051 1265 1252 1304 idiotarum
1267 1281 1318 1305 vi-

62 1325 141 1354 tam
156 1317 251 1356 adeo
263 1317 473 1370 praestare,
487 1329 549 1366 ut,
570 1317 599 1356 fi
621 1318 666 1356 ad
681 1318 916 1357 turbulentas
936 1317 1250 1370 philosophorum
1265 1321 1319 1358 al-

59 1371 294 1411 tercationes
308 1372 505 1422 exigatur,
520 1384 655 1410 aurum
682 1371 798 1410 videri
820 1370 940 1424 poffit
961 1371 1076 1410 Aliud
1095 1371 1147 1410 est
1169 1372 1318 1413 Graece

58 1437 222 1476 χρυσουν
238 1424 445 1475 ἀποθεῖξοιι
460 1440 522 1463 τον
544 1439 612 1464 των
627 1423 784 1464 ι’ἒιωτων
795 1386 888 1473 βίΡον,
903 1440 1038 1464 auream
1055 1426 1090 1463 δ’
1104 1427 1191 1463 beati
1216 1443 1316 1466 imam

53 1476 169 1528 fizcere
180 1478 284 1517 vitam
298 1479 490 1517 idiotarum.
503 1479 665 1517 HEMST.

113 1531 193 1570 ibid.
201 1529 480 1585 Τὶιῖνίἒιεοτᾶἷν)ε
484 1536 512 1570 Ο
524 1532 592 1581 μὲν
606 1532 654 1572 ἓν
670 1530 786 1572 πολυς
800 1529 941 1582 ὅμιλος,
953 1531 1014 1572 οὓς
1029 1531 1188 1572 ἰδιώτας
1206 1533 1236 1572 οἱ
1257 1548 1316 1573 σο-

59 1583 115 1633 φοὶ
133 1596 304 1623 namuci.
321 1585 474 1624 Lucian.
487 1586 568 1645 σζερὶ
584 1584 685 1624 Πένθ.
699 1598 731 1624 c.
749 1599 783 1623 2.
798 1586 900 1624 VOP.
903 1596 962 1625 ST.

111 1640 184 1675 ead.
195 1639 218 1677 l.
233 1637 269 1677 8.
281 1638 323 1677 ‘0
335 1639 404 1688 μὲν
421 1637 560 1686 αὐτῶν)
580 1639 769 1691 Epicurei.
783 1638 922 1678 BRoD.

113 1693 187 1730 ead.
203 1693 226 1731 l.
240 1706 277 1744 9.
288 1693 347 1730 Ἐκ,
365 1692 524 1746 mewa)
540 1693 678 1744 Τρόπου
693 1693 774 1732 addi
790 1705 868 1731 non
883 1693 996 1734 solet:
1008 1694 1157 1746 prorsus.
1174 1694 1314 1735 BROD.

59 1742 130 1783 Ait
141 1745 310 1785 Noster
296 1760 335 1784 εκ
347 1749 508 1792 memor,
525 1747 613 1785 omni
627 1749 744 1786 modo.-
764 1745 919 1785 subaudi
931 1747 1078 1797 τρόπου
1093 1749 1135 1787 ln
1151 1749 1196 1787 de
1210 1750 1315 1787 Mer-

57 1799 150 1837 cede
166 1798 289 1838 Cond.
301 1812 387 1859 cap
404 1798 446 1847 8,
461 1798 600 1840 ταύτην
613 1798 687 1851 {2⁰
668 1814 840 1839 απαντος
856 1803 898 1838 ῧε
884 1801 1065 1852 -ροιστεὺει
1077 1814 1110 1840 c.
1128 1816 1193 1850 41,
1211 1801 1286 1853 {5⁰
1268 1818 1315 1839 α-

57 1866 201 1892 oran-105
213 1851 412 1903 ζητσυσιν,
405 1855 502 1892 ὁπως
517 1853 610 1892 &c.
602 1866 640 1892 in
658 1852 848 1892 Phalaride
866 1866 946 1906 cap.
959 1868 999 1903 7,
1012 1854 1074 1904 ἐξ
1066 1852 1234 1894 &emmor
1251 1857 1313 1894 ἀν-

56 1916 151 1944 ελειν
175 1920 250 1945 σπε
236 1905 394 1945 osovci·
418 1907 456 1945 δι
485 1906 624 1958 paffim.
649 1907 710 1946 Est
734 1918 887 1955 tamen,
908 1907 975 1946 ubi
999 1909 1143 1949 additur
1164 1909 1313 1960 τρόποι,

54 1969 191 1997 contra
205 1972 248 1998 ac
261 1958 368 1998 sentit
387 1960 582 1999 Brodaeus
593 1990 606 2006 ,
617 1961 698 2021 qui·
700 1960 754 1999 IX
771 1960 923 2000 Miscell.
941 1974 972 2000 c.
992 1976 1015 2013 9
1033 1963 1069 2000 id
1084 1961 1167 2000 flexi
1184 1975 1311 2014 negat.

55 2011 127 2050 sed
139 2013 250 2052 docet
264 2013 299 2051 id
315 2011 389 2066 ipse
410 2013 620 2059 Lucianus,
636 2015 709 2073 qui
722 2015 859 2053 iterum
878 2015 917 2053 in
936 2014 1132 2054 Phalaride
1151 2028 1183 2054 c.
1209 2030 1251 2061 2,
1267 2016 1310 2067 ἐξ

55 2063 227 2105 ἅπαντας
238 2066 372 2117 τρόπον
389 2067 431 2105 ἀν
435 2079 526 2106 ελειν
537 2082 586 2116 με
600 2066 813 2118 ζητοῦντας.
827 2068 945 2106 Addit
953 2081 1113 2136 quoque
1124 2069 1312 2124 Aelianus

55 2118 129 2158 XII
143 2124 285 2159 Ποικιλ.
301 2132 333 2159 c.
352 2133 386 2167 1,
401 2121 442 2158 ἐκ
453 2135 596 2159 παντος
607 2121 806 2170 αἰδουμένη
826 2119 890 2160 τοῦ
905 2123 963 2173 τρό
952 2138 1038 2160 που
1057 2120 1185 2161 snm
1170 2137 1222 2161 nv·
1236 2135 1307 2162 nec

55 2185 136 2211 non
150 2172 350 2213 110crates
342 2186 380 2212 m
394 2173 547 2213 Panath.
559 2187 643 2227 pag.
657 2175 730 2214 266
750 2173 802 2214 D.
816 2174 857 2212 ἐκ
875 2190 1018 2215 παντως
1032 2178 1164 2227 τρόπον
1174 2175 1309 2215 saari-

53 2230 164 2265 εσθαι
177 2226 352 2292 πειρᾶται
367 2229 438 2267 τοις
451 2227 640 2279 ιίίοιφορέις.
661 2228 766 2267 IENS.

105 2283 180 2319 ead.
194 2281 217 2320 l.
234 2294 291 2320 10.
309 2279 409 2320 ‘ose‘
396 2281 493 2342 τις)
506 2280 699 2321 Stoicivel
711 2281 863 2333 Cynici
877 2282 1017 2321 BROD.

107 2336 247 2373 ead.l.1
261 2348 290 2374 ι.
303 2336 349 2371 To
363 2349 474 2384 σωμοι
488 2336 814 2388 καταναγκάζειν)
828 2336 929 2374 Idem
943 2336 996 2377 est
1006 2366 1017 2382 ,
1034 2337 1138 2388 quod
1155 2336 1308 2377 antistiti

56 2398 171 2427 verae
185 2387 430 2450 salutarisque
446 2388 703 2451 philosophiae
716 2389 837 2429 Paulo
851 2390 866 2429 1
881 2390 925 2428 ad
941 2389 1034 2429 Cor.
1049 2390 1117 2435 ΙΧ
1131 2404 1195 2440 27,
1210 2388 1308 2431 ὑπω-

54 2439 202 2492 πιάζειν
221 2441 284 2480 vel
306 2440 526 2494 ὑπαντιάζειν
547 2442 628 2483 five
648 2439 855 2494 υποπιέζειν
876 2442 1079 2510 (quarum
1095 2444 1305 2484 Ιθθίοηυιτι

50 2503 139 2534 utra
153 2495 197 2535 sit
209 2494 473 2543 anteferenda
487 2497 555 2536 vix
576 2496 798 2549 constituas)
822 2499 864 2538 το
885 2498 998 2548 σῶμα
1017 2512 1080 2537 nau
1101 2497 1251 2551 somme>
1259 2514 1305 2535 ca·—
