2015 3490
286 266 404 313 ‘IN
470 252 1138 314 APOLOGIAM.
1256 272 1339 335 563

10 395 17 401 ,
75 369 136 400 rm
149 354 218 398 τῆς
235 354 416 408 ἔμπαλιν.
437 356 612 396 BOURD.
632 357 722 409 Leg.
742 357 832 396 κατ’
850 357 980 398 ἐκείνην
992 358 1056 397 τὴν
1070 356 1161 408 ἕμπ,
1175 358 1351 402 GUYET.'

131 414 204 451 ead.
220 411 242 450 l.
267 424 326 463 13.
342 409 406 450 Ὡς
419 413 505 450 θεὶς
521 410 704 463 ἀναίτιος)
721 410 833 450 Deus
845 412 882 449 in
894 411 1005 451 causa
1021 425 1101 452 non
1122 411 1189 460 est,
1212 413 1239 452 si
1251 416 1348 468 quid

76 465 168 504 mali
193 465 306 503 nobis
335 464 501 503 eveniat.
526 465 666 503 BROD.
694 465 939 513 Memineris‚
963 468 1078 504 Deum
1100 467 1136 504 in
1153 468 1256 520 culpa
1274 482 1346 508 non

74 518 147 570 effle.
159 517 386 558 considerat
401 518 502 556 enirn
516 518 552 556 id
565 547 576 564 ‚
599 517 706 570 quod
715 517 773 557 est
792 519 831 556 in
855 518 1058 558 hominum
1078 521 1264 567 moribus,
1286 533 1346 570 ut,

76 584 166 611 cum
179 570 254 625 ipsa
268 571 515 622 incogitantia
526 572 748 623 praecipites
763 582 875 611 ruant
887 572 924 610 in
940 573 1053 619 mala,
1074 569 1206 613 deinde
1219 586 1347 616 tamen

72 626 120 665 iis
132 626 266 665 irretiti
280 624 437 676 culpent
449 624 642 663 fortunam
657 625 697 663 δι
714 626 882 664 numina.
903 627 1064 665 Homer.
1077 626 1214 678 Odyss]
1227 629 1251 667 1.
1264 631 1343 669 Ae·

75 678 200 731 fcliyl.
215 679 254 717 in
267 677 458 717 Prometh.
475 677 620 717 COGN.
639 678 805 718 Platonis
819 679 931 718 locus
944 678 997 719 est
1012 680 1099 720 huic
1113 693 1344 734 argumento

74 731 165 772 sane
178 745 293 786 quam
305 730 528 785 aptiffimus,
541 732 586 770 de
601 731 699 784 Rep.
711 733 762 779 X,
778 746 849 785 520
863 731 909 772 C.
928 746 1044 784 quem
1057 734 1108 773 ob
1119 735 1344 788 elegantiam

74 785 267 839 usumque
286 786 469 825 eximium
492 785 700 825 describere
717 799 778 825 me
800 798 881 824 non
903 787 1054 839 pigebit.
1072 787 1265 840 Ἀνάγκης·
1278 795 1347 829 θυ-

75 842 219 894 γατρὸς
235 839 338 892 κόρης
354 840 562 891 Λαχέσεως
575 839 699 892 λόγος.
714 844 868 878 ΨΥΧΑΙ
885 844 1121 887 ΕΦΗΜΕΡΟΙ,
1139 846 1253 881 ΑΡΧΗ
1270 849 1347 883 ΑΛ.

76 899 170 935 ΛΗΣ
191 897 428 932 ΠΕΡΙΟΔΟὙ
453 897 644 931 ΘΝΗΤΟΎ
661 897 845 932 ΓΕΝΟὙΣ
866 897 1221 942 ΘΑΝΑΤΗΦΟΡΟΥ,
1245 901 1344 936 ΟΎΧ

77 950 212 987 ὙΜΑΣ
227 951 410 986 ΔΑΙΜΩΝ
432 949 644 995 ΛΗΞΕΤΑΙ,
669 952 758 985 ΑΛΛ
778 951 922 985 ὙΜΕΙΣ
938 951 1154 986 ΔΑΙΜΟΝΑ
1173 953 1345 990 ΑΙΡΗΣΕ-

75 1005 141 1040 TE.
155 1004 344 1040 ΠΡΩΤΟΣ
359 1006 420 1039 ΔΕ
434 1005 463 1038 Ο
479 1004 638 1038 ΛΑΧΩΝ
649 1004 837 1040 ΠΡΩΤΟΣ
852 1003 1059 1039 ΑΙΡΕΙΣΘΩ
1071 1006 1173 1041 ΒΙΟΝ
1184 1008 1216 1040 Ω
1232 1009 1345 1043 {TN-

0 1039 1 1075 1
24 1051 26 1054 ’
76 1057 209 1096 ΕΣΤΑΙ
229 1059 284 1093 ΕΞ
314 1057 539 1092 ΑΝΑΓΚΗΣ.
568 1057 704 1092 APETH
728 1058 788 1093 ΔΕ
809 1058 1096 1094 ΑΔΕΣΠΟΤΟΝ
1116 1061 1175 1095 HN
1196 1061 1344 1097 ΤΙΜΩΝ

76 1112 152 1147 ΚΑΙ
169 1111 429 1153 ΑΤΙΜΑΖΩΝ,
453 1111 610 1145 ΠΛΕΟΝ
634 1112 707 1146 ΚΑΙ
726 1111 933 1146 ΕΛΑΤΤΟΝ
955 1111 1110 1149 ΑΎΤΗΣ
1131 1114 1344 1154 ΕΚΑΣΤΟΣ

79 1166 193 1201 ΕΞΑΙ.
208 1165 328 1200 ΑΙΤΙΑ
350 1164 600 1199 ΕΛΟΜΕΝΟὙ
621 1165 746 1200 ΘΕΟΣ
770 1164 998 1202 ΑΝΑΙΤΙΟΣ.
1021 1162 1180 1202 SOLAN.

127 1218 202 1255 ead.
214 1216 240 1254 l.
260 1229 319 1264 14·
334 1213 541 1268 Ἑλομένου)
558 1214 663 1261 Eius,
679 1215 787 1268 quiid
798 1217 1133 1268 agendamstatuerit.
1157 1218 1297 1258 BROD.

87 1320 1113 1333 —————-—————-———
1125 1323 1331 1337 ——-—

120 1384 191 1429 IN
208 1384 602 1430 APOLOGIAM
622 1385 750 1430 PRO
777 1384 1081 1430 MERCEDE
1102 1387 1298 1434 COND.

130 1463 220 1527 pag.
236 1473 323 1514 268.
336 1476 358 1515 l.
378 1490 411 1515 1.
428 1473 690 1527 ΑΠΟΛΟΓΙΑ)
713 1474 882 1514 Sufficiat
906 1474 995 1512 mihi
1015 1474 1167 1522 dixiffe,
1185 1477 1341 1519 Petrum

75 1523 347 1575 Mosellanum‚
359 1529 702 1582 huius'Apologiae
714 1528 973 1581 interpretem,
989 1529 1113 1568 oculis
1127 1529 1201 1570 suis
1215 1532 1251 1570 in
1267 1533 1341 1573 hac

73 1581 184 1628 usum
196 1595 276 1621 non
290 1582 409 1632 fuisse,
422 1583 547 1622 donec
563 1585 684 1622 maius
697 1584 821 1621 otium
838 1582 1034 1635 probandi.
1047 1583 1176 1623 Huius
1189 1585 1338 1638 Apolo-

76 1637 159 1687 giae
175 1649 261 1688 pars
273 1638 405 1689 potior
417 1638 452 1675 in
467 1635 630 1676 tradam
645 1636 906 1688 praecedente,
922 1636 1033 1687 quale
1046 1637 1136 1676 illud
1150 1637 1273 1678 statim
1288 1642 1338 1680 ab

73 1690 189 1729 initio
202 1687 274 1730 ὑπὸ
287 1690 398 1740 κλοιῷ
411 1705 478 1730 τινι
493 1690 642 1744 χρυσῷ,
654 1690 694 1729 &
705 1703 792 1743 pag.
808 1689 882 1742 seq.
905 1690 1077 1729 BOURD.

131 1745 205 1782 ead.
218 1744 242 1782 l.
253 1759 289 1792 4.
303 1744 373 1798 Ἢ)
390 1746 460 1784 W.
475 1745 578 1784 recte
589 1774 602 1790 ,
623 1757 701 1783 non
716 1738 769 1790 ἦν,
783 1744 890 1796 quod
906 1745 942 1781 in
959 1743 1141 1784 omnibus
1158 1745 1340 1799 impressis

73 1797 230 1851 legitur,
242 1798 311 1837 nifi
323 1798 429 1851 quod
445 1798 535 1837 nihil
550 1796 703 1851 prorsus
715 1798 753 1836 in
765 1799 858 1837 Flor.
872 1796 936 1837 est.
957 1797 1117 1838 SOLAN.

127 1854 203 1890 ead.
217 1852 239 1890 l.
250 1852 289 1892 6.
303 1852 398 1904 Καὶ)
422 1852 684 1891 Affeverantis
704 1851 770 1890 est.

129 1906 207 1945 ibid.
222 1906 399 1959 Μεταξὺ)
419 1907 510 1945 Inter
521 1907 701 1957 legendum.
712 1906 851 1945 BROD.
864 1904 903 1943 in
915 1903 1070 1944 Miscell.
1089 1904 1131 1944 L.
1141 1906 1258 1951 IX„c.
1276 1923 1334 1958 14.

76 1958 205 2012 Quod
217 1959 334 1999 Brod.
347 1960 474 2000 voluit
486 1990 496 2001 ,
517 1960 603 2006 iam,
617 1966 699 1998 erat
718 1960 758 1997 in
779 1957 979 1998 Mosellani
1001 1958 1189 1999 versione.
1207 1961 1336 2002 Bene-

75 2014 200 2055 dietus
213 2026 329 2053 vero:
359 2016 428 2053 Se'd
444 2013 526 2067 quid
536 2014 664 2053 interim
677 2014 712 2052 in
724 2015 864 2065 fingula
878 2013 1026 2059 diceres,·
1049 2013 1214 2053 Sol-dnus
1238 2031 1335 2059 vero

73 2067 168 2107 haec
182 2068 322 2107 merito
334 2069 374 2106 in
385 2081 503 2120 marg.
519 2066 570 2106 sic
586 2078 801 2107 mutaverat
811 2098 823 2113 ‚
845 2067 930 2105 inter
941 2066 1126 2117 legendum,
1148 2068 1182 2106 ἐξ)
1198 2071 1337 2121 ρενίεέῖο

73 2122 169 2160 libro.
193 2121 340 2161 REITz.
356 2122 483 2161 Video
499 2120 718 2173 paraphrasi
732 2134 831 2174 opus
845 2119 917 2159 effe
931 2119 1020 2159 huic
1033 2121 1144 2160 loco:
1165 2123 1267 2172 Quae
1281 2125 1335 2163 in·

72 2176 198 2215 cerieelo
219 2188 358 2227 tempore
380 2176 479 2215 inter
497 2175 612 2214 libelli
634 2175 705 2214 mei
724 2176 860 2226 prioris
873 2174 1076 2212 editionem
1093 2176 1132 2214 ἃ
1148 2175 1223 2215 hoc
1237 2189 1335 2216 tem-

26 2234 28 2236 ’
72 2242 168 2283 pus,
189 2230 408 2282 postomnia‚
422 2242 524 2282 quae
543 2229 588 2267 de
603 2240 749 2268 mutata
762 2229 981 2268 conditione
993 2241 1076 2267 mea
1094 2232 1313 2282 comperisti
1323 2263 1336 2282 ‚

75 2300 99 2322 a
111 2296 143 2322 te
152 2284 239 2322 dina
249 2283 338 2335 sunt
349 2283 386 2322 in
403 2296 464 2322 me
476 2284 515 2322 δι
530 2282 645 2336 ipsam
661 2283 765 2321 illam
786 2292 971 2321 mutatam
986 2282 1089 2319 vitae
1104 2295 1210 2322 meae
1222 2286 1336 2324 ratio-

73 2349 161 2376 nem
172 2368 184 2384 ‚
202 2352 242 2376 ea
260 2350 352 2376 nunc
370 2352 560 2390 componere
571 2336 612 2375 δε
625 2336 834 2376 conciliare
847 2337 919 2383 his,
931 2351 1016 2387 quae
1034 2336 1135 2387 legisti
1150 2335 1334 2388 superiori

74 2389 203 2430 libello
217 2404 239 2430 a
255 2403 316 2430 me
328 2390 464 2444 scripta
474 2421 486 2436 ‚
494 2392 625 2442 studeo,
640 2404 682 2429 ut
699 2402 879 2442 appareat
890 2420 901 2438 ‚
915 2392 1079 2428 rationes
1095 2402 1196 2429 meas
1211 2392 1335 2442 poste·

74 2445 197 2484 riores
205 2457 286 2484 non
300 2457 517 2497 repugnare
533 2446 709 2495 his‚quae
721 2445 847 2496 priore
857 2442 987 2481 libello
1002 2442 1335 2494 proposui.GESN.

129 2498 611 2552 εαιί.ἱ.8.Ἀνεγνωο-μένοις)
627 2498 684 2536 Ex
700 2498 770 2536 hac
787 2497 966 2535 sententia
979 2497 1158 2548 expedire
1172 2511 1234 2536 me
1254 2511 1336 2538 non

73 2550 238 2605 possum.
249 2551 486 2605 Corruptam
500 2551 650 2592 censeo.
659 2552 755 2599 Nec,
770 2552 860 2603 quid
872 2550 1076 2642 elimiIGem,
1087 2561 1153 2589 aut
1166 2551 1336 2604 quidser-

1015 2615 1041 2641 n
1071 2617 1092 2641 2
