<?xml version="1.0" encoding="UTF-8"?>
<!DOCTYPE html PUBLIC "-//W3C//DTD XHTML 1.0 Transitional//EN"
    "http://www.w3.org/TR/xhtml1/DTD/xhtml1-transitional.dtd">
<html xmlns="http://www.w3.org/1999/xhtml" xml:lang="en" lang="en">
 <head>
  <title>
</title>
<meta http-equiv="Content-Type" content="text/html;charset=utf-8" />
  <meta name='ocr-system' content='tesseract 3.04.00' />
  <meta name='ocr-capabilities' content='ocr_page ocr_carea ocr_par ocr_line ocrx_word'/>
</head>
<body>
  <div class='ocr_page' id='page_1' title='image "./operagraecaetlat03luciuoft/operagraecaetlat03luciuoft_0316.png"; bbox 0 0 2015 3490; ppageno 0'>
   <div class='ocr_carea' id='block_1_1' title="bbox 639 244 1552 321">
    <p class='ocr_par' dir='ltr' id='par_1_1' title="bbox 639 244 1552 321">
     <span class='ocr_line' id='line_1_1' title="bbox 639 244 1552 321; baseline -0.003 -16"><span class='ocrx_word' id='word_1_1' title='bbox 639 257 729 321; x_wconf 78' lang='lat'>308</span> <span class='ocrx_word' id='word_1_2' title='bbox 991 244 1552 302; x_wconf 82' lang='lat' dir='ltr'><strong>VA&#39;RIAE</strong></span> 
     </span>
    </p>
   </div>
   <div class='ocr_carea' id='block_1_2' title="bbox 585 341 1918 2589">
    <p class='ocr_par' dir='ltr' id='par_1_2' title="bbox 585 341 1918 2589">
     <span class='ocr_line' id='line_1_2' title="bbox 633 341 1898 398; baseline 0 -13"><span class='ocrx_word' id='word_1_3' title='bbox 633 346 673 385; x_wconf 87' lang='lat' dir='ltr'>Si</span> <span class='ocrx_word' id='word_1_4' title='bbox 686 343 792 384; x_wconf 82' lang='lat' dir='ltr'>varia</span> <span class='ocrx_word' id='word_1_5' title='bbox 804 341 849 382; x_wconf 84' lang='lat' dir='ltr'>fit</span> <span class='ocrx_word' id='word_1_6' title='bbox 862 341 975 382; x_wconf 70' lang='lat' dir='ltr'>leffio</span> <span class='ocrx_word' id='word_1_7' title='bbox 988 341 1125 382; x_wconf 86' lang='lat' dir='ltr'>vetusti</span> <span class='ocrx_word' id='word_1_8' title='bbox 1138 342 1308 390; x_wconf 83' lang='lat' dir='ltr'>Codicis,</span> <span class='ocrx_word' id='word_1_9' title='bbox 1324 343 1375 383; x_wconf 79' lang='lat' dir='ltr'>ibi</span> <span class='ocrx_word' id='word_1_10' title='bbox 1401 342 1581 397; x_wconf 88' lang='lat' dir='ltr'>scriptum</span> <span class='ocrx_word' id='word_1_11' title='bbox 1599 342 1704 384; x_wconf 82' lang='lat' dir='ltr'>fuiffe</span> <span class='ocrx_word' id='word_1_12' title='bbox 1719 354 1898 398; x_wconf 84' lang='lat' dir='ltr'>oportet3</span> 
     </span>
     <span class='ocr_line' id='line_1_3' title="bbox 633 390 1897 450; baseline 0.001 -14"><span class='ocrx_word' id='word_1_13' title='bbox 633 397 816 436; x_wconf 66' lang='grc' dir='ltr'>Μουσικὴν</span> <span class='ocrx_word' id='word_1_14' title='bbox 832 397 895 435; x_wconf 74' lang='grc' dir='ltr'>καὶ</span> <span class='ocrx_word' id='word_1_15' title='bbox 907 396 1141 449; x_wconf 70' lang='grc' dir='ltr'><strong><em>γεωμετρίαν</em></strong></span> <span class='ocrx_word' id='word_1_16' title='bbox 1157 395 1361 435; x_wconf 52' lang='lat' dir='ltr'>&amp;cuffiam-</span> <span class='ocrx_word' id='word_1_17' title='bbox 1376 390 1435 436; x_wconf 89' lang='lat' dir='ltr'>sed</span> <span class='ocrx_word' id='word_1_18' title='bbox 1449 398 1576 450; x_wconf 85' lang='lat' dir='ltr'>potius</span> <span class='ocrx_word' id='word_1_19' title='bbox 1591 398 1706 437; x_wconf 89' lang='lat' dir='ltr'>credo</span> <span class='ocrx_word' id='word_1_20' title='bbox 1723 399 1897 437; x_wconf 77' lang='lat' dir='ltr'>ordinem</span> 
     </span>
     <span class='ocr_line' id='line_1_4' title="bbox 631 449 1899 514; baseline 0.001 -25"><span class='ocrx_word' id='word_1_21' title='bbox 631 449 822 489; x_wconf 85' lang='lat' dir='ltr'>inversum</span> <span class='ocrx_word' id='word_1_22' title='bbox 836 476 848 497; x_wconf 91' lang='lat'><em>‚</em></span> <span class='ocrx_word' id='word_1_23' title='bbox 869 450 907 489; x_wconf 78' lang='grc' dir='ltr'>δι</span> <span class='ocrx_word' id='word_1_24' title='bbox 924 450 1074 495; x_wconf 87' lang='lat' dir='ltr'>verbis,</span> <span class='ocrx_word' id='word_1_25' title='bbox 1091 462 1191 501; x_wconf 82' lang='lat' dir='ltr'>quae</span> <span class='ocrx_word' id='word_1_26' title='bbox 1209 462 1312 490; x_wconf 88' lang='lat' dir='ltr'>nunc</span> <span class='ocrx_word' id='word_1_27' title='bbox 1325 450 1530 497; x_wconf 85' lang='lat' dir='ltr'>habentur,</span> <span class='ocrx_word' id='word_1_28' title='bbox 1549 451 1763 514; x_wconf 78' lang='lat' dir='ltr'>appositum</span> <span class='ocrx_word' id='word_1_29' title='bbox 1785 453 1899 491; x_wconf 90' lang='lat' dir='ltr'>inter-</span> 
     </span>
     <span class='ocr_line' id='line_1_5' title="bbox 632 503 1899 557; baseline 0.001 -14"><span class='ocrx_word' id='word_1_30' title='bbox 632 504 806 557; x_wconf 89' lang='lat' dir='ltr'>pretandi</span> <span class='ocrx_word' id='word_1_31' title='bbox 821 503 942 555; x_wconf 85' lang='lat' dir='ltr'>gratia</span> <span class='ocrx_word' id='word_1_32' title='bbox 953 503 1158 553; x_wconf 75' lang='grc' dir='ltr'><strong><em>,μουσικὴν</em></strong></span> <span class='ocrx_word' id='word_1_33' title='bbox 1172 504 1236 541; x_wconf 76' lang='grc' dir='ltr'>καὶ</span> <span class='ocrx_word' id='word_1_34' title='bbox 1250 506 1486 556; x_wconf 61' lang='grc' dir='ltr'><strong><em>γεωμετρίαν</em></strong></span> <span class='ocrx_word' id='word_1_35' title='bbox 1509 505 1664 553; x_wconf 58' lang='lat' dir='ltr'>deo-nnsis.</span> <span class='ocrx_word' id='word_1_36' title='bbox 1732 505 1823 556; x_wconf 77' lang='lat' dir='ltr'><strong>Pag.</strong></span> <span class='ocrx_word' id='word_1_37' title='bbox 1834 504 1899 554; x_wconf 89' lang='lat'>85.</span> 
     </span>
     <span class='ocr_line' id='line_1_6' title="bbox 633 553 1901 610; baseline 0.001 -15"><span class='ocrx_word' id='word_1_38' title='bbox 633 558 661 596; x_wconf 90' lang='lat' dir='ltr'>l.</span> <span class='ocrx_word' id='word_1_39' title='bbox 679 571 693 595; x_wconf 82' lang='grc' dir='ltr'>ι</span> <span class='ocrx_word' id='word_1_40' title='bbox 706 571 736 606; x_wconf 88' lang='lat'>5.</span> <span class='ocrx_word' id='word_1_41' title='bbox 750 553 848 596; x_wconf 53' lang='lat'>013&amp;</span> <span class='ocrx_word' id='word_1_42' title='bbox 862 553 895 594; x_wconf 80' lang='grc' dir='ltr'>ἕν</span> <span class='ocrx_word' id='word_1_43' title='bbox 907 556 967 608; x_wconf 82' lang='grc' dir='ltr'>τι)</span> <span class='ocrx_word' id='word_1_44' title='bbox 982 553 1068 596; x_wconf 57' lang='grc' dir='ltr'>οὖὲὲ</span> <span class='ocrx_word' id='word_1_45' title='bbox 1082 554 1117 596; x_wconf 74' lang='grc' dir='ltr'>ἓν</span> <span class='ocrx_word' id='word_1_46' title='bbox 1133 557 1188 594; x_wconf 89' lang='lat' dir='ltr'>Fl.</span> <span class='ocrx_word' id='word_1_47' title='bbox 1205 556 1343 595; x_wconf 80' lang='lat' dir='ltr'>omiffo</span> <span class='ocrx_word' id='word_1_48' title='bbox 1358 572 1417 603; x_wconf 82' lang='grc' dir='ltr'>τι,</span> <span class='ocrx_word' id='word_1_49' title='bbox 1435 558 1541 610; x_wconf 86' lang='lat' dir='ltr'>quod</span> <span class='ocrx_word' id='word_1_50' title='bbox 1553 570 1631 596; x_wconf 89' lang='lat' dir='ltr'>non</span> <span class='ocrx_word' id='word_1_51' title='bbox 1649 557 1758 597; x_wconf 83' lang='lat' dir='ltr'>valde</span> <span class='ocrx_word' id='word_1_52' title='bbox 1769 558 1901 610; x_wconf 83' lang='lat' dir='ltr'>requi-</span> 
     </span>
     <span class='ocr_line' id='line_1_7' title="bbox 633 606 1900 664; baseline 0.001 -15"><span class='ocrx_word' id='word_1_53' title='bbox 633 622 690 649; x_wconf 88' lang='lat' dir='ltr'>ro.</span> <span class='ocrx_word' id='word_1_54' title='bbox 708 609 795 650; x_wconf 88' lang='lat' dir='ltr'>Post</span> <span class='ocrx_word' id='word_1_55' title='bbox 809 622 893 649; x_wconf 90' lang='lat' dir='ltr'>eam</span> <span class='ocrx_word' id='word_1_56' title='bbox 916 610 997 648; x_wconf 90' lang='lat' dir='ltr'><strong>edd.</strong></span> <span class='ocrx_word' id='word_1_57' title='bbox 1021 609 1227 662; x_wconf 84' lang='lat' dir='ltr'><strong>pleraeque</strong></span> <span class='ocrx_word' id='word_1_58' title='bbox 1251 606 1374 648; x_wconf 60' lang='lat' dir='ltr'>odefse‘v</span> <span class='ocrx_word' id='word_1_59' title='bbox 1391 624 1440 649; x_wconf 81' lang='grc' dir='ltr'>τι.</span> <span class='ocrx_word' id='word_1_60' title='bbox 1463 612 1508 649; x_wconf 91' lang='lat' dir='ltr'>B.</span> <span class='ocrx_word' id='word_1_61' title='bbox 1530 625 1564 649; x_wconf 87' lang='lat'>2.</span> <span class='ocrx_word' id='word_1_62' title='bbox 1581 607 1666 649; x_wconf 58' lang='grc' dir='ltr'>οὖὲὲ</span> <span class='ocrx_word' id='word_1_63' title='bbox 1689 609 1722 649; x_wconf 80' lang='grc' dir='ltr'>’έν</span> <span class='ocrx_word' id='word_1_64' title='bbox 1745 624 1794 649; x_wconf 78' lang='grc' dir='ltr'>τι·</span> <span class='ocrx_word' id='word_1_65' title='bbox 1815 624 1900 664; x_wconf 87' lang='lat' dir='ltr'>quo</span> 
     </span>
     <span class='ocr_line' id='line_1_8' title="bbox 631 658 1901 718; baseline -0.001 -14"><span class='ocrx_word' id='word_1_66' title='bbox 631 676 764 704; x_wconf 84' lang='lat' dir='ltr'>errore</span> <span class='ocrx_word' id='word_1_67' title='bbox 779 663 955 703; x_wconf 71' lang='lat' dir='ltr'>corre&amp;o</span> <span class='ocrx_word' id='word_1_68' title='bbox 970 665 1014 701; x_wconf 88' lang='lat' dir='ltr'>P.</span> <span class='ocrx_word' id='word_1_69' title='bbox 1030 658 1114 702; x_wconf 61' lang='grc' dir='ltr'>οὖέὲ</span> <span class='ocrx_word' id='word_1_70' title='bbox 1132 660 1166 702; x_wconf 77' lang='grc' dir='ltr'>ἕν</span> <span class='ocrx_word' id='word_1_71' title='bbox 1180 677 1232 701; x_wconf 86' lang='grc' dir='ltr'>τι.</span> <span class='ocrx_word' id='word_1_72' title='bbox 1317 664 1407 716; x_wconf 81' lang='lat' dir='ltr'><strong>Pag.</strong></span> <span class='ocrx_word' id='word_1_73' title='bbox 1426 663 1488 702; x_wconf 87' lang='lat'>86.</span> <span class='ocrx_word' id='word_1_74' title='bbox 1502 665 1525 702; x_wconf 94' lang='lat' dir='ltr'>l.</span> <span class='ocrx_word' id='word_1_75' title='bbox 1543 678 1577 715; x_wconf 85' lang='lat'>5.</span> <span class='ocrx_word' id='word_1_76' title='bbox 1591 662 1781 713; x_wconf 52' lang='grc' dir='ltr'>Ἐψηθέντι</span> <span class='ocrx_word' id='word_1_77' title='bbox 1797 664 1901 718; x_wconf 69' lang='grc' dir='ltr'>διε.)</span> 
     </span>
     <span class='ocr_line' id='line_1_9' title="bbox 631 715 1901 769; baseline 0 -13"><span class='ocrx_word' id='word_1_78' title='bbox 631 717 723 756; x_wconf 84' lang='lat' dir='ltr'>Sola</span> <span class='ocrx_word' id='word_1_79' title='bbox 743 718 797 755; x_wconf 89' lang='lat' dir='ltr'>Fl.</span> <span class='ocrx_word' id='word_1_80' title='bbox 823 717 1027 756; x_wconf 65' lang='lat' dir='ltr'>leftionem</span> <span class='ocrx_word' id='word_1_81' title='bbox 1049 716 1233 769; x_wconf 81' lang='lat' dir='ltr'>integram</span> <span class='ocrx_word' id='word_1_82' title='bbox 1255 715 1442 755; x_wconf 85' lang='lat' dir='ltr'>servavit:</span> <span class='ocrx_word' id='word_1_83' title='bbox 1466 717 1505 755; x_wconf 89' lang='lat' dir='ltr'>in</span> <span class='ocrx_word' id='word_1_84' title='bbox 1529 718 1683 769; x_wconf 83' lang='lat' dir='ltr'>reliquis</span> <span class='ocrx_word' id='word_1_85' title='bbox 1697 717 1901 764; x_wconf 85' lang='lat' dir='ltr'>omnibus,</span> 
     </span>
     <span class='ocr_line' id='line_1_10' title="bbox 633 768 1904 822; baseline 0.001 -12"><span class='ocrx_word' id='word_1_86' title='bbox 633 770 820 820; x_wconf 63' lang='grc' dir='ltr'>ἑψηθέντα,</span> <span class='ocrx_word' id='word_1_87' title='bbox 832 770 877 810; x_wconf 53' lang='lat' dir='ltr'>s&amp;</span> <span class='ocrx_word' id='word_1_88' title='bbox 892 800 902 815; x_wconf 82' lang='grc'>,</span> <span class='ocrx_word' id='word_1_89' title='bbox 927 771 964 810; x_wconf 64' lang='grc' dir='ltr'>ἢν</span> <span class='ocrx_word' id='word_1_90' title='bbox 984 768 1131 816; x_wconf 68' lang='grc' dir='ltr'><em>ἐπαφῆς</em></span> <span class='ocrx_word' id='word_1_91' title='bbox 1146 769 1182 808; x_wconf 79' lang='grc' dir='ltr'>ἐς</span> <span class='ocrx_word' id='word_1_92' title='bbox 1203 769 1268 809; x_wconf 70' lang='grc' dir='ltr'>τὴν</span> <span class='ocrx_word' id='word_1_93' title='bbox 1287 781 1367 808; x_wconf 78' lang='grc' dir='ltr'>σελ.</span> <span class='ocrx_word' id='word_1_94' title='bbox 1382 769 1598 818; x_wconf 56' lang='grc' dir='ltr'>Ἓᾼρηθεῖσειν</span> <span class='ocrx_word' id='word_1_95' title='bbox 1611 770 1659 809; x_wconf 88' lang='lat' dir='ltr'>R.</span> <span class='ocrx_word' id='word_1_96' title='bbox 1681 771 1767 810; x_wconf 82' lang='lat' dir='ltr'>Scio</span> <span class='ocrx_word' id='word_1_97' title='bbox 1781 783 1904 822; x_wconf 83' lang='lat' dir='ltr'>genus</span> 
     </span>
     <span class='ocr_line' id='line_1_11' title="bbox 633 823 1900 877; baseline 0 -13"><span class='ocrx_word' id='word_1_98' title='bbox 633 824 855 877; x_wconf 89' lang='lat' dir='ltr'>frequenter</span> <span class='ocrx_word' id='word_1_99' title='bbox 867 824 914 862; x_wconf 84' lang='lat' dir='ltr'>ab</span> <span class='ocrx_word' id='word_1_100' title='bbox 926 823 1084 863; x_wconf 87' lang='lat' dir='ltr'>Ionibus</span> <span class='ocrx_word' id='word_1_101' title='bbox 1099 823 1310 862; x_wconf 87' lang='lat' dir='ltr'>immutari:</span> <span class='ocrx_word' id='word_1_102' title='bbox 1329 824 1404 863; x_wconf 87' lang='lat' dir='ltr'>hoc</span> <span class='ocrx_word' id='word_1_103' title='bbox 1422 836 1468 861; x_wconf 85' lang='lat' dir='ltr'>an</span> <span class='ocrx_word' id='word_1_104' title='bbox 1484 824 1610 874; x_wconf 80' lang='lat' dir='ltr'>itidem</span> <span class='ocrx_word' id='word_1_105' title='bbox 1623 825 1660 861; x_wconf 89' lang='lat' dir='ltr'>in</span> <span class='ocrx_word' id='word_1_106' title='bbox 1675 824 1818 873; x_wconf 74' lang='grc' dir='ltr'><em>κύαμος</em></span> <span class='ocrx_word' id='word_1_107' title='bbox 1829 823 1900 864; x_wconf 89' lang='lat' dir='ltr'>usu</span> 
     </span>
     <span class='ocr_line' id='line_1_12' title="bbox 634 873 1900 929; baseline 0.001 -13"><span class='ocrx_word' id='word_1_108' title='bbox 634 879 806 925; x_wconf 69' lang='lat' dir='ltr'>venerit,</span> <span class='ocrx_word' id='word_1_109' title='bbox 823 878 915 916; x_wconf 87' lang='lat' dir='ltr'>mihi</span> <span class='ocrx_word' id='word_1_110' title='bbox 930 889 1010 915; x_wconf 88' lang='lat' dir='ltr'>non</span> <span class='ocrx_word' id='word_1_111' title='bbox 1025 876 1155 929; x_wconf 87' lang='lat' dir='ltr'>liquet.</span> <span class='ocrx_word' id='word_1_112' title='bbox 1204 876 1293 928; x_wconf 78' lang='lat' dir='ltr'><strong>Pag.</strong></span> <span class='ocrx_word' id='word_1_113' title='bbox 1309 875 1372 925; x_wconf 89' lang='lat'>87.</span> <span class='ocrx_word' id='word_1_114' title='bbox 1385 878 1408 915; x_wconf 90' lang='lat' dir='ltr'>l.</span> <span class='ocrx_word' id='word_1_115' title='bbox 1421 891 1453 928; x_wconf 85' lang='lat'>3.</span> <span class='ocrx_word' id='word_1_116' title='bbox 1471 873 1603 929; x_wconf 67' lang='grc' dir='ltr'>Αὐτὸν)</span> <span class='ocrx_word' id='word_1_117' title='bbox 1617 873 1738 916; x_wconf 74' lang='grc' dir='ltr'><strong><em>αὐτῶν</em></strong></span> <span class='ocrx_word' id='word_1_118' title='bbox 1752 878 1794 916; x_wconf 84' lang='grc' dir='ltr'>Ι...</span> <span class='ocrx_word' id='word_1_119' title='bbox 1821 879 1846 916; x_wconf 94' lang='lat' dir='ltr'>l.</span> <span class='ocrx_word' id='word_1_120' title='bbox 1860 892 1900 927; x_wconf 87' lang='lat'>4.</span> 
     </span>
     <span class='ocr_line' id='line_1_13' title="bbox 634 927 1902 985; baseline 0.001 -15"><span class='ocrx_word' id='word_1_121' title='bbox 634 930 944 985; x_wconf 66' lang='grc' dir='ltr'>Ἀπαγέτωσαν)</span> <span class='ocrx_word' id='word_1_122' title='bbox 967 929 1024 969; x_wconf 79' lang='lat' dir='ltr'>Ita</span> <span class='ocrx_word' id='word_1_123' title='bbox 1047 929 1148 969; x_wconf 66' lang='lat' dir='ltr'>refte</span> <span class='ocrx_word' id='word_1_124' title='bbox 1166 927 1340 968; x_wconf 82' lang='lat' dir='ltr'>scribitur</span> <span class='ocrx_word' id='word_1_125' title='bbox 1357 930 1396 968; x_wconf 88' lang='lat' dir='ltr'>in</span> <span class='ocrx_word' id='word_1_126' title='bbox 1417 929 1459 968; x_wconf 92' lang='lat' dir='ltr'>L.</span> <span class='ocrx_word' id='word_1_127' title='bbox 1475 932 1513 967; x_wconf 88' lang='lat' dir='ltr'>F.</span> <span class='ocrx_word' id='word_1_128' title='bbox 1528 931 1575 968; x_wconf 91' lang='lat' dir='ltr'>B.</span> <span class='ocrx_word' id='word_1_129' title='bbox 1593 944 1626 968; x_wconf 90' lang='lat'>2.</span> <span class='ocrx_word' id='word_1_130' title='bbox 1643 930 1688 969; x_wconf 90' lang='lat' dir='ltr'>P.</span> <span class='ocrx_word' id='word_1_131' title='bbox 1704 930 1745 968; x_wconf 82' lang='lat' dir='ltr'>In</span> <span class='ocrx_word' id='word_1_132' title='bbox 1763 933 1902 971; x_wconf 83' lang='lat' dir='ltr'>ceteris</span> 
     </span>
     <span class='ocr_line' id='line_1_14' title="bbox 636 983 1918 1036; baseline -0.002 -11"><span class='ocrx_word' id='word_1_133' title='bbox 636 984 716 1025; x_wconf 85' lang='lat' dir='ltr'>fere</span> <span class='ocrx_word' id='word_1_134' title='bbox 733 985 1004 1036; x_wconf 65' lang='grc' dir='ltr'>ἐπαγέτωσαν.</span> <span class='ocrx_word' id='word_1_135' title='bbox 1063 984 1150 1036; x_wconf 81' lang='lat' dir='ltr'><strong>Pag.</strong></span> <span class='ocrx_word' id='word_1_136' title='bbox 1163 983 1226 1022; x_wconf 88' lang='lat'>88.</span> <span class='ocrx_word' id='word_1_137' title='bbox 1238 984 1262 1021; x_wconf 91' lang='lat' dir='ltr'>l.</span> <span class='ocrx_word' id='word_1_138' title='bbox 1279 984 1316 1022; x_wconf 92' lang='lat'>6.</span> <span class='ocrx_word' id='word_1_139' title='bbox 1330 983 1516 1036; x_wconf 81' lang='grc' dir='ltr'><strong><em>Θυρωρεῑν)</em></strong></span> <span class='ocrx_word' id='word_1_140' title='bbox 1531 985 1679 1034; x_wconf 63' lang='grc' dir='ltr'>ἓωρωρὸν</span> <span class='ocrx_word' id='word_1_141' title='bbox 1691 983 1730 1022; x_wconf 88' lang='grc' dir='ltr'>Ρ.</span> <span class='ocrx_word' id='word_1_142' title='bbox 1742 984 1784 1023; x_wconf 91' lang='lat' dir='ltr'>L.</span> <span class='ocrx_word' id='word_1_143' title='bbox 1798 997 1902 1023; x_wconf 83' lang='lat' dir='ltr'>mar·</span> <span class='ocrx_word' id='word_1_144' title='bbox 1915 1012 1918 1015; x_wconf 67' lang='grc'><em>»</em></span> 
     </span>
     <span class='ocr_line' id='line_1_15' title="bbox 635 1035 1902 1091; baseline 0 -14"><span class='ocrx_word' id='word_1_145' title='bbox 635 1052 690 1091; x_wconf 83' lang='lat' dir='ltr'>go</span> <span class='ocrx_word' id='word_1_146' title='bbox 704 1040 753 1077; x_wconf 91' lang='lat' dir='ltr'>A.</span> <span class='ocrx_word' id='word_1_147' title='bbox 765 1052 778 1076; x_wconf 88' lang='lat'>1</span> <span class='ocrx_word' id='word_1_148' title='bbox 792 1042 848 1077; x_wconf 85' lang='lat' dir='ltr'>IV.</span> <span class='ocrx_word' id='word_1_149' title='bbox 864 1037 970 1090; x_wconf 86' lang='lat' dir='ltr'>quod</span> <span class='ocrx_word' id='word_1_150' title='bbox 985 1049 1105 1090; x_wconf 87' lang='lat' dir='ltr'>paene</span> <span class='ocrx_word' id='word_1_151' title='bbox 1119 1036 1279 1088; x_wconf 84' lang='lat' dir='ltr'>vulgato</span> <span class='ocrx_word' id='word_1_152' title='bbox 1294 1035 1517 1088; x_wconf 82' lang='lat' dir='ltr'>praeferam.</span> <span class='ocrx_word' id='word_1_153' title='bbox 1545 1037 1568 1075; x_wconf 91' lang='lat' dir='ltr'>l.</span> <span class='ocrx_word' id='word_1_154' title='bbox 1588 1051 1645 1085; x_wconf 79' lang='lat'>14.</span> <span class='ocrx_word' id='word_1_155' title='bbox 1665 1035 1825 1090; x_wconf 67' lang='grc' dir='ltr'>Διξῖρκε)</span> <span class='ocrx_word' id='word_1_156' title='bbox 1837 1038 1902 1078; x_wconf 88' lang='lat' dir='ltr'>Ad</span> 
     </span>
     <span class='ocr_line' id='line_1_16' title="bbox 634 1089 1902 1144; baseline -0.001 -12"><span class='ocrx_word' id='word_1_157' title='bbox 634 1105 746 1132; x_wconf 81' lang='lat' dir='ltr'>oram</span> <span class='ocrx_word' id='word_1_158' title='bbox 761 1093 811 1130; x_wconf 89' lang='lat' dir='ltr'>A.</span> <span class='ocrx_word' id='word_1_159' title='bbox 827 1105 842 1130; x_wconf 88' lang='lat'><strong>1</strong></span> <span class='ocrx_word' id='word_1_160' title='bbox 865 1094 919 1129; x_wconf 87' lang='lat' dir='ltr'>W.</span> <span class='ocrx_word' id='word_1_161' title='bbox 935 1100 1094 1129; x_wconf 84' lang='lat' dir='ltr'>notatur</span> <span class='ocrx_word' id='word_1_162' title='bbox 1113 1089 1250 1142; x_wconf 63' lang='grc' dir='ltr'><strong><em>ὃιῆρτε·</em></strong></span> <span class='ocrx_word' id='word_1_163' title='bbox 1267 1090 1372 1142; x_wconf 91' lang='lat' dir='ltr'>quod</span> <span class='ocrx_word' id='word_1_164' title='bbox 1390 1089 1569 1142; x_wconf 87' lang='lat' dir='ltr'>scriptum</span> <span class='ocrx_word' id='word_1_165' title='bbox 1584 1090 1697 1130; x_wconf 88' lang='lat' dir='ltr'>fuerit</span> <span class='ocrx_word' id='word_1_166' title='bbox 1714 1104 1784 1143; x_wconf 90' lang='lat' dir='ltr'>pro</span> <span class='ocrx_word' id='word_1_167' title='bbox 1802 1090 1902 1144; x_wconf 58' lang='lat' dir='ltr'>suff?-</span> 
     </span>
     <span class='ocr_line' id='line_1_17' title="bbox 634 1142 1902 1198; baseline 0.001 -14"><span class='ocrx_word' id='word_1_168' title='bbox 634 1157 717 1185; x_wconf 72' lang='lat' dir='ltr'>&#39;tat&#39;</span> <span class='ocrx_word' id='word_1_169' title='bbox 731 1158 820 1184; x_wconf 84' lang='lat' dir='ltr'>nam</span> <span class='ocrx_word' id='word_1_170' title='bbox 840 1144 988 1196; x_wconf 55' lang='grc' dir='ltr'>διαίρειν</span> <span class='ocrx_word' id='word_1_171' title='bbox 1007 1144 1048 1183; x_wconf 85' lang='lat'>&amp;</span> <span class='ocrx_word' id='word_1_172' title='bbox 1067 1143 1282 1195; x_wconf 62' lang='grc' dir='ltr'>ἓιαίρεσῧοιι</span> <span class='ocrx_word' id='word_1_173' title='bbox 1300 1142 1406 1194; x_wconf 76' lang='grc' dir='ltr'>ξύλον</span> <span class='ocrx_word' id='word_1_174' title='bbox 1430 1143 1494 1183; x_wconf 88' lang='lat' dir='ltr'>vel</span> <span class='ocrx_word' id='word_1_175' title='bbox 1513 1144 1674 1196; x_wconf 68' lang='grc' dir='ltr'>ῥόπαλον</span> <span class='ocrx_word' id='word_1_176' title='bbox 1693 1156 1902 1198; x_wconf 85' lang='lat' dir='ltr'>utrumque</span> 
     </span>
     <span class='ocr_line' id='line_1_18' title="bbox 634 1194 1903 1251; baseline -0.001 -13"><span class='ocrx_word' id='word_1_177' title='bbox 634 1199 816 1251; x_wconf 86' lang='lat' dir='ltr'>probum.</span> <span class='ocrx_word' id='word_1_178' title='bbox 893 1197 983 1250; x_wconf 81' lang='lat' dir='ltr'><strong>Pag.</strong></span> <span class='ocrx_word' id='word_1_179' title='bbox 998 1194 1065 1250; x_wconf 64' lang='lat'>89.</span> <span class='ocrx_word' id='word_1_180' title='bbox 1078 1198 1101 1234; x_wconf 92' lang='lat' dir='ltr'>l.</span> <span class='ocrx_word' id='word_1_181' title='bbox 1116 1210 1152 1247; x_wconf 89' lang='lat'>7.</span> <span class='ocrx_word' id='word_1_182' title='bbox 1166 1195 1344 1248; x_wconf 70' lang='grc' dir='ltr'>Λεοντὶῖν)</span> <span class='ocrx_word' id='word_1_183' title='bbox 1364 1196 1513 1238; x_wconf 71' lang='grc' dir='ltr'><strong><em>λεοντὺν</em></strong></span> <span class='ocrx_word' id='word_1_184' title='bbox 1530 1198 1576 1236; x_wconf 88' lang='grc' dir='ltr'>Β.</span> <span class='ocrx_word' id='word_1_185' title='bbox 1592 1211 1624 1236; x_wconf 90' lang='lat'>1.</span> <span class='ocrx_word' id='word_1_186' title='bbox 1644 1210 1724 1249; x_wconf 91' lang='lat' dir='ltr'>quo</span> <span class='ocrx_word' id='word_1_187' title='bbox 1742 1210 1903 1238; x_wconf 84' lang='lat' dir='ltr'>accentu</span> 
     </span>
     <span class='ocr_line' id='line_1_19' title="bbox 634 1249 1900 1303; baseline 0.001 -11"><span class='ocrx_word' id='word_1_188' title='bbox 634 1253 713 1292; x_wconf 90' lang='lat' dir='ltr'>hoc</span> <span class='ocrx_word' id='word_1_189' title='bbox 730 1251 929 1291; x_wconf 88' lang='lat' dir='ltr'>nominum</span> <span class='ocrx_word' id='word_1_190' title='bbox 945 1263 1064 1303; x_wconf 84' lang='lat' dir='ltr'>genus</span> <span class='ocrx_word' id='word_1_191' title='bbox 1077 1250 1114 1288; x_wconf 89' lang='lat' dir='ltr'>in</span> <span class='ocrx_word' id='word_1_192' title='bbox 1131 1249 1286 1290; x_wconf 81' lang='lat' dir='ltr'>vetustis</span> <span class='ocrx_word' id='word_1_193' title='bbox 1300 1250 1402 1289; x_wconf 87' lang='lat' dir='ltr'>libris</span> <span class='ocrx_word' id='word_1_194' title='bbox 1416 1251 1455 1289; x_wconf 76' lang='grc' dir='ltr'>δι</span> <span class='ocrx_word' id='word_1_195' title='bbox 1470 1251 1552 1290; x_wconf 90' lang='lat' dir='ltr'><strong>edd.</strong></span> <span class='ocrx_word' id='word_1_196' title='bbox 1567 1249 1675 1301; x_wconf 83' lang='lat' dir='ltr'>saepe</span> <span class='ocrx_word' id='word_1_197' title='bbox 1691 1250 1900 1303; x_wconf 79' lang='lat' dir='ltr'>insignitur.</span> 
     </span>
     <span class='ocr_line' id='line_1_20' title="bbox 635 1302 1904 1359; baseline 0 -15"><span class='ocrx_word' id='word_1_198' title='bbox 635 1307 729 1359; x_wconf 79' lang='lat' dir='ltr'><strong>Pag.</strong></span> <span class='ocrx_word' id='word_1_199' title='bbox 751 1318 815 1358; x_wconf 89' lang='lat'>90.</span> <span class='ocrx_word' id='word_1_200' title='bbox 831 1305 854 1343; x_wconf 93' lang='lat' dir='ltr'>l.</span> <span class='ocrx_word' id='word_1_201' title='bbox 869 1318 928 1355; x_wconf 84' lang='lat'>¹7·</span> <span class='ocrx_word' id='word_1_202' title='bbox 939 1305 1001 1343; x_wconf 89' lang='lat' dir='ltr'><strong>col.</strong></span> <span class='ocrx_word' id='word_1_203' title='bbox 1022 1303 1113 1343; x_wconf 79' lang='lat' dir='ltr'><strong>2.’¹H</strong></span> <span class='ocrx_word' id='word_1_204' title='bbox 1126 1302 1318 1357; x_wconf 77' lang='grc' dir='ltr'><strong><em>στρεβλοῖ)</em></strong></span> <span class='ocrx_word' id='word_1_205' title='bbox 1335 1303 1380 1342; x_wconf 91' lang='lat' dir='ltr'>In</span> <span class='ocrx_word' id='word_1_206' title='bbox 1395 1304 1438 1343; x_wconf 89' lang='lat' dir='ltr'>V.</span> <span class='ocrx_word' id='word_1_207' title='bbox 1455 1304 1474 1343; x_wconf 61' lang='lat'>33</span> <span class='ocrx_word' id='word_1_208' title='bbox 1485 1303 1647 1354; x_wconf 67' lang='grc' dir='ltr'><strong><em>στρεβλιῖ</em></strong></span> <span class='ocrx_word' id='word_1_209' title='bbox 1658 1303 1814 1357; x_wconf 79' lang='grc' dir='ltr'><strong><em>τούτων]</em></strong></span> <span class='ocrx_word' id='word_1_210' title='bbox 1829 1306 1904 1350; x_wconf 71' lang='grc' dir='ltr'>βαι·</span> 
     </span>
     <span class='ocr_line' id='line_1_21' title="bbox 637 1355 1903 1412; baseline 0 -14"><span class='ocrx_word' id='word_1_211' title='bbox 637 1358 769 1409; x_wconf 70' lang='grc' dir='ltr'><strong><em>σανίζη</em></strong></span> <span class='ocrx_word' id='word_1_212' title='bbox 782 1389 795 1405; x_wconf 84' lang='grc'><strong><em>,</em></strong></span> <span class='ocrx_word' id='word_1_213' title='bbox 808 1355 933 1407; x_wconf 53' lang='lat' dir='ltr'>secuit*</span> <span class='ocrx_word' id='word_1_214' title='bbox 941 1387 952 1403; x_wconf 92' lang='lat'>,</span> <span class='ocrx_word' id='word_1_215' title='bbox 964 1357 1152 1408; x_wconf 57' lang='grc' dir='ltr'><strong><em>μισ-τέξῃ.</em></strong></span> <span class='ocrx_word' id='word_1_216' title='bbox 1165 1358 1296 1410; x_wconf 85' lang='lat' dir='ltr'><strong>Hemfl.</strong></span> <span class='ocrx_word' id='word_1_217' title='bbox 1351 1358 1442 1410; x_wconf 79' lang='lat' dir='ltr'><strong>Pag.</strong></span> <span class='ocrx_word' id='word_1_218' title='bbox 1459 1371 1520 1409; x_wconf 87' lang='lat'>92.</span> <span class='ocrx_word' id='word_1_219' title='bbox 1536 1358 1561 1396; x_wconf 90' lang='lat' dir='ltr'>l.</span> <span class='ocrx_word' id='word_1_220' title='bbox 1577 1371 1634 1409; x_wconf 81' lang='lat'>13.</span> <span class='ocrx_word' id='word_1_221' title='bbox 1651 1358 1903 1412; x_wconf 73' lang='grc' dir='ltr'>Θαυμάσιον)</span> 
     </span>
     <span class='ocr_line' id='line_1_22' title="bbox 585 1409 1903 1464; baseline -0.001 -12"><span class='ocrx_word' id='word_1_222' title='bbox 585 1419 587 1422; x_wconf 88' lang='grc'><strong>’</strong></span> <span class='ocrx_word' id='word_1_223' title='bbox 635 1414 866 1461; x_wconf 59' lang='grc' dir='ltr'>θαυμαστὸν</span> <span class='ocrx_word' id='word_1_224' title='bbox 877 1411 917 1450; x_wconf 88' lang='lat' dir='ltr'>P.</span> <span class='ocrx_word' id='word_1_225' title='bbox 933 1411 965 1450; x_wconf 89' lang='lat' dir='ltr'>J.</span> <span class='ocrx_word' id='word_1_226' title='bbox 983 1413 1026 1450; x_wconf 89' lang='lat' dir='ltr'>V.</span> <span class='ocrx_word' id='word_1_227' title='bbox 1040 1425 1075 1450; x_wconf 83' lang='lat'>2.</span> <span class='ocrx_word' id='word_1_228' title='bbox 1087 1409 1312 1461; x_wconf 60' lang='grc' dir='ltr'><strong><em>θαύμαστον</em></strong></span> <span class='ocrx_word' id='word_1_229' title='bbox 1326 1423 1461 1463; x_wconf 80' lang='lat' dir='ltr'>margo</span> <span class='ocrx_word' id='word_1_230' title='bbox 1477 1412 1548 1450; x_wconf 87' lang='lat' dir='ltr'>A.1</span> <span class='ocrx_word' id='word_1_231' title='bbox 1563 1415 1620 1450; x_wconf 84' lang='lat' dir='ltr'>W.</span> <span class='ocrx_word' id='word_1_232' title='bbox 1647 1412 1736 1464; x_wconf 84' lang='lat' dir='ltr'><strong>Pag.</strong></span> <span class='ocrx_word' id='word_1_233' title='bbox 1754 1412 1852 1464; x_wconf 77' lang='lat'><strong>95·²·</strong></span> <span class='ocrx_word' id='word_1_234' title='bbox 1867 1426 1903 1454; x_wconf 84' lang='lat'>1.</span> 
     </span>
     <span class='ocr_line' id='line_1_23' title="bbox 631 1461 1904 1519; baseline 0 -15"><span class='ocrx_word' id='word_1_235' title='bbox 631 1461 843 1517; x_wconf 66' lang='grc' dir='ltr'>Ἄπρατος)</span> <span class='ocrx_word' id='word_1_236' title='bbox 854 1466 968 1505; x_wconf 90' lang='lat' dir='ltr'>Hanc</span> <span class='ocrx_word' id='word_1_237' title='bbox 981 1464 1182 1504; x_wconf 71' lang='lat' dir='ltr'>leffionem</span> <span class='ocrx_word' id='word_1_238' title='bbox 1200 1474 1361 1503; x_wconf 85' lang='lat' dir='ltr'>tuentur</span> <span class='ocrx_word' id='word_1_239' title='bbox 1375 1463 1424 1504; x_wconf 89' lang='lat' dir='ltr'>G.</span> <span class='ocrx_word' id='word_1_240' title='bbox 1440 1463 1478 1502; x_wconf 77' lang='lat' dir='ltr'>P.</span> <span class='ocrx_word' id='word_1_241' title='bbox 1494 1465 1536 1503; x_wconf 93' lang='lat' dir='ltr'>L.</span> <span class='ocrx_word' id='word_1_242' title='bbox 1552 1464 1580 1502; x_wconf 94' lang='lat' dir='ltr'>I.</span> <span class='ocrx_word' id='word_1_243' title='bbox 1597 1465 1638 1505; x_wconf 72' lang='grc' dir='ltr'>δι</span> <span class='ocrx_word' id='word_1_244' title='bbox 1655 1467 1698 1504; x_wconf 77' lang='lat' dir='ltr'>V.</span> <span class='ocrx_word' id='word_1_245' title='bbox 1710 1479 1745 1503; x_wconf 90' lang='lat'>2.</span> <span class='ocrx_word' id='word_1_246' title='bbox 1758 1477 1904 1519; x_wconf 86' lang='lat' dir='ltr'>quam·</span> 
     </span>
     <span class='ocr_line' id='line_1_24' title="bbox 636 1517 1903 1571; baseline 0.001 -13"><span class='ocrx_word' id='word_1_247' title='bbox 636 1520 700 1558; x_wconf 82' lang='lat' dir='ltr'>vis</span> <span class='ocrx_word' id='word_1_248' title='bbox 714 1530 905 1571; x_wconf 84' lang='lat' dir='ltr'>typorum</span> <span class='ocrx_word' id='word_1_249' title='bbox 920 1518 1020 1557; x_wconf 89' lang='lat' dir='ltr'>vitio</span> <span class='ocrx_word' id='word_1_250' title='bbox 1035 1517 1185 1557; x_wconf 87' lang='lat' dir='ltr'>aberret</span> <span class='ocrx_word' id='word_1_251' title='bbox 1197 1518 1236 1556; x_wconf 90' lang='lat' dir='ltr'>in</span> <span class='ocrx_word' id='word_1_252' title='bbox 1246 1517 1425 1569; x_wconf 53' lang='lat' dir='ltr'>‚ammos-</span> <span class='ocrx_word' id='word_1_253' title='bbox 1441 1518 1582 1557; x_wconf 83' lang='lat' dir='ltr'>accedit</span> <span class='ocrx_word' id='word_1_254' title='bbox 1597 1531 1668 1557; x_wconf 84' lang='lat' dir='ltr'>ora</span> <span class='ocrx_word' id='word_1_255' title='bbox 1681 1519 1733 1558; x_wconf 92' lang='lat' dir='ltr'>A.</span> <span class='ocrx_word' id='word_1_256' title='bbox 1750 1532 1765 1557; x_wconf 90' lang='lat'>1</span> <span class='ocrx_word' id='word_1_257' title='bbox 1783 1522 1841 1557; x_wconf 64' lang='lat' dir='ltr'>JV.</span> <span class='ocrx_word' id='word_1_258' title='bbox 1856 1518 1903 1559; x_wconf 87' lang='lat' dir='ltr'>In</span> 
     </span>
     <span class='ocr_line' id='line_1_25' title="bbox 635 1570 1903 1626; baseline 0 -14"><span class='ocrx_word' id='word_1_259' title='bbox 635 1574 774 1614; x_wconf 87' lang='lat' dir='ltr'>ceteris</span> <span class='ocrx_word' id='word_1_260' title='bbox 784 1572 865 1612; x_wconf 91' lang='lat' dir='ltr'><strong>edd.</strong></span> <span class='ocrx_word' id='word_1_261' title='bbox 876 1573 1086 1624; x_wconf 69' lang='grc' dir='ltr'><strong><em>ἄπρακτος.</em></strong></span> <span class='ocrx_word' id='word_1_262' title='bbox 1115 1572 1138 1609; x_wconf 90' lang='lat' dir='ltr'>l.</span> <span class='ocrx_word' id='word_1_263' title='bbox 1152 1584 1182 1623; x_wconf 84' lang='lat'>5.</span> <span class='ocrx_word' id='word_1_264' title='bbox 1197 1570 1396 1623; x_wconf 72' lang='grc' dir='ltr'>Βούλομαι)</span> <span class='ocrx_word' id='word_1_265' title='bbox 1414 1571 1502 1610; x_wconf 87' lang='lat' dir='ltr'><strong>Edd.</strong></span> <span class='ocrx_word' id='word_1_266' title='bbox 1513 1571 1726 1617; x_wconf 61' lang='grc' dir='ltr'>βούλεο-δον,</span> <span class='ocrx_word' id='word_1_267' title='bbox 1739 1582 1903 1626; x_wconf 83' lang='lat' dir='ltr'>excepta</span> 
     </span>
     <span class='ocr_line' id='line_1_26' title="bbox 635 1623 1902 1680; baseline 0 -14"><span class='ocrx_word' id='word_1_268' title='bbox 635 1627 668 1666; x_wconf 84' lang='grc' dir='ltr'>Ι.</span> <span class='ocrx_word' id='word_1_269' title='bbox 683 1639 755 1680; x_wconf 88' lang='lat' dir='ltr'>pto</span> <span class='ocrx_word' id='word_1_270' title='bbox 770 1638 846 1679; x_wconf 88' lang='lat' dir='ltr'>qua</span> <span class='ocrx_word' id='word_1_271' title='bbox 859 1625 955 1664; x_wconf 83' lang='lat' dir='ltr'>stant</span> <span class='ocrx_word' id='word_1_272' title='bbox 967 1624 1018 1664; x_wconf 92' lang='lat' dir='ltr'>G.</span> <span class='ocrx_word' id='word_1_273' title='bbox 1031 1625 1070 1664; x_wconf 88' lang='lat' dir='ltr'>P.</span> <span class='ocrx_word' id='word_1_274' title='bbox 1089 1624 1128 1664; x_wconf 78' lang='grc' dir='ltr'>δι</span> <span class='ocrx_word' id='word_1_275' title='bbox 1140 1637 1273 1676; x_wconf 83' lang='lat' dir='ltr'>margo</span> <span class='ocrx_word' id='word_1_276' title='bbox 1283 1625 1356 1665; x_wconf 92' lang='lat' dir='ltr'>A.1</span> <span class='ocrx_word' id='word_1_277' title='bbox 1370 1628 1426 1665; x_wconf 83' lang='lat' dir='ltr'>W.</span> <span class='ocrx_word' id='word_1_278' title='bbox 1468 1625 1492 1663; x_wconf 93' lang='lat' dir='ltr'>l.</span> <span class='ocrx_word' id='word_1_279' title='bbox 1517 1638 1552 1675; x_wconf 90' lang='lat'>9.</span> <span class='ocrx_word' id='word_1_280' title='bbox 1571 1623 1742 1678; x_wconf 78' lang='grc' dir='ltr'>Πενθεῖν)</span> <span class='ocrx_word' id='word_1_281' title='bbox 1760 1625 1848 1666; x_wconf 85' lang='lat' dir='ltr'>Sola</span> <span class='ocrx_word' id='word_1_282' title='bbox 1868 1627 1902 1666; x_wconf 91' lang='lat' dir='ltr'>I.</span> 
     </span>
     <span class='ocr_line' id='line_1_27' title="bbox 635 1677 1905 1732; baseline 0 -12"><span class='ocrx_word' id='word_1_283' title='bbox 635 1679 787 1720; x_wconf 71' lang='grc' dir='ltr'><em>πενθῶν·</em></span> <span class='ocrx_word' id='word_1_284' title='bbox 799 1692 917 1732; x_wconf 85' lang='lat' dir='ltr'>quam</span> <span class='ocrx_word' id='word_1_285' title='bbox 927 1689 1054 1718; x_wconf 83' lang='lat' dir='ltr'>tamen</span> <span class='ocrx_word' id='word_1_286' title='bbox 1064 1708 1078 1725; x_wconf 91' lang='lat'>,</span> <span class='ocrx_word' id='word_1_287' title='bbox 1091 1677 1158 1718; x_wconf 78' lang='lat' dir='ltr'>etsi</span> <span class='ocrx_word' id='word_1_288' title='bbox 1171 1677 1427 1730; x_wconf 86' lang='lat' dir='ltr'>suffragentur</span> <span class='ocrx_word' id='word_1_289' title='bbox 1438 1677 1488 1718; x_wconf 90' lang='lat' dir='ltr'>G.</span> <span class='ocrx_word' id='word_1_290' title='bbox 1503 1677 1544 1718; x_wconf 91' lang='lat' dir='ltr'>P.</span> <span class='ocrx_word' id='word_1_291' title='bbox 1558 1678 1601 1718; x_wconf 86' lang='lat'>&amp;</span> <span class='ocrx_word' id='word_1_292' title='bbox 1610 1691 1746 1732; x_wconf 83' lang='lat' dir='ltr'>margo</span> <span class='ocrx_word' id='word_1_293' title='bbox 1756 1680 1808 1718; x_wconf 87' lang='lat' dir='ltr'>A.</span> <span class='ocrx_word' id='word_1_294' title='bbox 1817 1694 1833 1719; x_wconf 91' lang='lat'>1</span> <span class='ocrx_word' id='word_1_295' title='bbox 1846 1683 1905 1720; x_wconf 84' lang='lat' dir='ltr'>W.</span> 
     </span>
     <span class='ocr_line' id='line_1_28' title="bbox 636 1731 1903 1785; baseline 0 -12"><span class='ocrx_word' id='word_1_296' title='bbox 636 1733 794 1773; x_wconf 84' lang='lat' dir='ltr'>secutus</span> <span class='ocrx_word' id='word_1_297' title='bbox 805 1745 885 1772; x_wconf 90' lang='lat' dir='ltr'>non</span> <span class='ocrx_word' id='word_1_298' title='bbox 897 1731 990 1771; x_wconf 89' lang='lat' dir='ltr'><strong>sum.</strong></span> <span class='ocrx_word' id='word_1_299' title='bbox 1020 1732 1109 1785; x_wconf 81' lang='lat' dir='ltr'><strong>Pag.</strong></span> <span class='ocrx_word' id='word_1_300' title='bbox 1125 1733 1189 1785; x_wconf 88' lang='lat'>96.</span> <span class='ocrx_word' id='word_1_301' title='bbox 1200 1732 1224 1770; x_wconf 88' lang='lat' dir='ltr'>l.</span> <span class='ocrx_word' id='word_1_302' title='bbox 1241 1746 1276 1770; x_wconf 85' lang='lat'>2.</span> <span class='ocrx_word' id='word_1_303' title='bbox 1289 1731 1445 1785; x_wconf 69' lang='grc' dir='ltr'>Κλᾴεις)</span> <span class='ocrx_word' id='word_1_304' title='bbox 1458 1733 1604 1772; x_wconf 68' lang='grc' dir='ltr'>κλαίεις</span> <span class='ocrx_word' id='word_1_305' title='bbox 1617 1733 1660 1771; x_wconf 85' lang='lat' dir='ltr'>F.</span> <span class='ocrx_word' id='word_1_306' title='bbox 1675 1733 1712 1771; x_wconf 89' lang='lat' dir='ltr'>in</span> <span class='ocrx_word' id='word_1_307' title='bbox 1725 1745 1769 1772; x_wconf 83' lang='lat' dir='ltr'>ea</span> <span class='ocrx_word' id='word_1_308' title='bbox 1779 1762 1789 1780; x_wconf 87' lang='lat'>,</span> <span class='ocrx_word' id='word_1_309' title='bbox 1801 1745 1903 1785; x_wconf 84' lang='lat' dir='ltr'>quae</span> 
     </span>
     <span class='ocr_line' id='line_1_29' title="bbox 636 1784 1903 1840; baseline 0 -14"><span class='ocrx_word' id='word_1_310' title='bbox 636 1786 760 1840; x_wconf 86' lang='lat' dir='ltr'>preffe</span> <span class='ocrx_word' id='word_1_311' title='bbox 776 1798 925 1826; x_wconf 86' lang='lat' dir='ltr'>veteres</span> <span class='ocrx_word' id='word_1_312' title='bbox 943 1786 1182 1825; x_wconf 84' lang='lat' dir='ltr'>membranas</span> <span class='ocrx_word' id='word_1_313' title='bbox 1197 1784 1382 1837; x_wconf 89' lang='lat' dir='ltr'>sequitur,</span> <span class='ocrx_word' id='word_1_314' title='bbox 1395 1800 1405 1825; x_wconf 79' lang='grc' dir='ltr'>ι</span> <span class='ocrx_word' id='word_1_315' title='bbox 1423 1785 1672 1838; x_wconf 88' lang='lat' dir='ltr'>subscriptum</span> <span class='ocrx_word' id='word_1_316' title='bbox 1684 1785 1792 1838; x_wconf 82' lang='lat' dir='ltr'>saepe</span> <span class='ocrx_word' id='word_1_317' title='bbox 1805 1786 1903 1826; x_wconf 93' lang='lat' dir='ltr'>solet</span> 
     </span>
     <span class='ocr_line' id='line_1_30' title="bbox 637 1838 1904 1893; baseline 0.001 -14"><span class='ocrx_word' id='word_1_318' title='bbox 637 1842 686 1879; x_wconf 78' lang='lat' dir='ltr'>ad</span> <span class='ocrx_word' id='word_1_319' title='bbox 703 1841 803 1879; x_wconf 85' lang='lat' dir='ltr'>latus</span> <span class='ocrx_word' id='word_1_320' title='bbox 816 1840 924 1892; x_wconf 86' lang='lat' dir='ltr'>poni.</span> <span class='ocrx_word' id='word_1_321' title='bbox 972 1839 996 1877; x_wconf 91' lang='lat' dir='ltr'>l.</span> <span class='ocrx_word' id='word_1_322' title='bbox 1017 1853 1054 1887; x_wconf 83' lang='lat'>4.</span> <span class='ocrx_word' id='word_1_323' title='bbox 1071 1839 1212 1891; x_wconf 83' lang='lat' dir='ltr'><strong>HPAK.)</strong></span> <span class='ocrx_word' id='word_1_324' title='bbox 1223 1838 1413 1890; x_wconf 69' lang='grc' dir='ltr'>Ἡράκλεις</span> <span class='ocrx_word' id='word_1_325' title='bbox 1425 1840 1466 1879; x_wconf 92' lang='lat' dir='ltr'>F.</span> <span class='ocrx_word' id='word_1_326' title='bbox 1478 1840 1530 1878; x_wconf 89' lang='lat' dir='ltr'>A.</span> <span class='ocrx_word' id='word_1_327' title='bbox 1547 1853 1560 1878; x_wconf 86' lang='lat'>1</span> <span class='ocrx_word' id='word_1_328' title='bbox 1570 1870 1578 1878; x_wconf 94' lang='lat'>.</span> <span class='ocrx_word' id='word_1_329' title='bbox 1588 1840 1698 1893; x_wconf 92' lang='lat' dir='ltr'>quod</span> <span class='ocrx_word' id='word_1_330' title='bbox 1712 1841 1848 1879; x_wconf 87' lang='lat' dir='ltr'>vitium</span> <span class='ocrx_word' id='word_1_331' title='bbox 1863 1840 1904 1880; x_wconf 90' lang='lat' dir='ltr'>in</span> 
     </span>
     <span class='ocr_line' id='line_1_31' title="bbox 636 1889 1905 1947; baseline -0.006 -13"><span class='ocrx_word' id='word_1_332' title='bbox 636 1893 883 1947; x_wconf 83' lang='lat' dir='ltr'>sequentibus</span> <span class='ocrx_word' id='word_1_333' title='bbox 897 1892 978 1932; x_wconf 91' lang='lat' dir='ltr'><strong>edd.</strong></span> <span class='ocrx_word' id='word_1_334' title='bbox 991 1891 1100 1932; x_wconf 89' lang='lat' dir='ltr'>facile</span> <span class='ocrx_word' id='word_1_335' title='bbox 1109 1891 1309 1932; x_wconf 82' lang='lat' dir='ltr'>sublatum.</span> <span class='ocrx_word' id='word_1_336' title='bbox 1361 1895 1435 1931; x_wconf 80' lang='lat' dir='ltr'><strong>ead.</strong></span> <span class='ocrx_word' id='word_1_337' title='bbox 1451 1889 1695 1945; x_wconf 64' lang='grc' dir='ltr'>Πρῆγμοιτα)</span> <span class='ocrx_word' id='word_1_338' title='bbox 1711 1894 1905 1946; x_wconf 49' lang='grc' dir='ltr'>πράγματι-</span> 
     </span>
     <span class='ocr_line' id='line_1_32' title="bbox 637 1945 1904 2000; baseline 0.001 -14"><span class='ocrx_word' id='word_1_339' title='bbox 637 1962 691 1986; x_wconf 73' lang='grc' dir='ltr'>τοι</span> <span class='ocrx_word' id='word_1_340' title='bbox 707 1949 746 1986; x_wconf 89' lang='lat' dir='ltr'><strong>F.</strong></span> <span class='ocrx_word' id='word_1_341' title='bbox 762 1948 792 1986; x_wconf 94' lang='lat' dir='ltr'>I.</span> <span class='ocrx_word' id='word_1_342' title='bbox 807 1950 847 1985; x_wconf 89' lang='lat' dir='ltr'>V.</span> <span class='ocrx_word' id='word_1_343' title='bbox 861 1961 895 1986; x_wconf 85' lang='lat'>2.</span> <span class='ocrx_word' id='word_1_344' title='bbox 907 1947 951 1985; x_wconf 90' lang='lat' dir='ltr'>P.</span> <span class='ocrx_word' id='word_1_345' title='bbox 963 1945 1143 1986; x_wconf 87' lang='lat' dir='ltr'>Formam</span> <span class='ocrx_word' id='word_1_346' title='bbox 1154 1945 1326 1985; x_wconf 86' lang='lat' dir='ltr'>Ionicam</span> <span class='ocrx_word' id='word_1_347' title='bbox 1338 1946 1387 1984; x_wconf 92' lang='lat' dir='ltr'><strong>A.</strong></span> <span class='ocrx_word' id='word_1_348' title='bbox 1402 1960 1434 1985; x_wconf 93' lang='lat'>1.</span> <span class='ocrx_word' id='word_1_349' title='bbox 1449 1946 1523 1985; x_wconf 83' lang='lat' dir='ltr'>iam</span> <span class='ocrx_word' id='word_1_350' title='bbox 1537 1945 1684 1985; x_wconf 83' lang='lat' dir='ltr'>admisit</span> <span class='ocrx_word' id='word_1_351' title='bbox 1694 1977 1705 1994; x_wconf 91' lang='lat'>,</span> <span class='ocrx_word' id='word_1_352' title='bbox 1719 1947 1807 1986; x_wconf 89' lang='lat' dir='ltr'>&amp;in</span> <span class='ocrx_word' id='word_1_353' title='bbox 1819 1949 1904 2000; x_wconf 79' lang='lat' dir='ltr'>piu·</span> 
     </span>
     <span class='ocr_line' id='line_1_33' title="bbox 638 1998 1903 2053; baseline 0.001 -13"><span class='ocrx_word' id='word_1_354' title='bbox 638 2014 699 2040; x_wconf 86' lang='lat' dir='ltr'>res</span> <span class='ocrx_word' id='word_1_355' title='bbox 714 2000 796 2040; x_wconf 88' lang='lat' dir='ltr'><strong>edd.</strong></span> <span class='ocrx_word' id='word_1_356' title='bbox 811 2001 1050 2053; x_wconf 85' lang='lat' dir='ltr'>propagavit.</span> <span class='ocrx_word' id='word_1_357' title='bbox 1063 1998 1138 2039; x_wconf 75' lang='grc' dir='ltr'>Μὴν</span> <span class='ocrx_word' id='word_1_358' title='bbox 1154 2000 1272 2039; x_wconf 91' lang='lat' dir='ltr'>video</span> <span class='ocrx_word' id='word_1_359' title='bbox 1286 2010 1460 2039; x_wconf 84' lang='lat' dir='ltr'>notatum</span> <span class='ocrx_word' id='word_1_360' title='bbox 1474 2000 1511 2038; x_wconf 89' lang='lat' dir='ltr'>in</span> <span class='ocrx_word' id='word_1_361' title='bbox 1528 2013 1597 2040; x_wconf 88' lang='lat' dir='ltr'>ora</span> <span class='ocrx_word' id='word_1_362' title='bbox 1614 2000 1698 2039; x_wconf 87' lang='lat' dir='ltr'>libri</span> <span class='ocrx_word' id='word_1_363' title='bbox 1707 2000 1864 2041; x_wconf 83' lang='lat' dir='ltr'><strong>Weffel.</strong></span> <span class='ocrx_word' id='word_1_364' title='bbox 1880 2013 1903 2041; x_wconf 87' lang='lat' dir='ltr'>e</span> 
     </span>
     <span class='ocr_line' id='line_1_34' title="bbox 637 2050 1903 2107; baseline -0.002 -12"><span class='ocrx_word' id='word_1_365' title='bbox 637 2054 799 2107; x_wconf 80' lang='lat' dir='ltr'>regione</span> <span class='ocrx_word' id='word_1_366' title='bbox 809 2054 924 2093; x_wconf 89' lang='lat' dir='ltr'>huius</span> <span class='ocrx_word' id='word_1_367' title='bbox 936 2052 1066 2093; x_wconf 90' lang='lat' dir='ltr'>versus</span> <span class='ocrx_word' id='word_1_368' title='bbox 1075 2085 1087 2100; x_wconf 93' lang='lat'><em>,</em></span> <span class='ocrx_word' id='word_1_369' title='bbox 1102 2053 1218 2093; x_wconf 89' lang='lat' dir='ltr'>credo</span> <span class='ocrx_word' id='word_1_370' title='bbox 1230 2066 1302 2106; x_wconf 89' lang='lat' dir='ltr'>pro</span> <span class='ocrx_word' id='word_1_371' title='bbox 1317 2054 1471 2106; x_wconf 84' lang='lat' dir='ltr'>vulgari</span> <span class='ocrx_word' id='word_1_372' title='bbox 1479 2050 1544 2103; x_wconf 68' lang='grc' dir='ltr'>μή.</span> <span class='ocrx_word' id='word_1_373' title='bbox 1585 2055 1607 2092; x_wconf 92' lang='lat' dir='ltr'>l.</span> <span class='ocrx_word' id='word_1_374' title='bbox 1624 2053 1662 2092; x_wconf 93' lang='lat'>6.</span> <span class='ocrx_word' id='word_1_375' title='bbox 1677 2053 1733 2103; x_wconf 80' lang='grc' dir='ltr'><em>Τῷ</em></span> <span class='ocrx_word' id='word_1_376' title='bbox 1743 2053 1819 2107; x_wconf 52' lang='grc' dir='ltr'>ἐὴ)</span> <span class='ocrx_word' id='word_1_377' title='bbox 1835 2056 1880 2093; x_wconf 67' lang='grc' dir='ltr'>τὶ</span> <span class='ocrx_word' id='word_1_378' title='bbox 1889 2084 1903 2104; x_wconf 88' lang='grc'><strong><em>,</em></strong></span> 
     </span>
     <span class='ocr_line' id='line_1_35' title="bbox 638 2106 1904 2160; baseline 0.001 -13"><span class='ocrx_word' id='word_1_379' title='bbox 638 2107 690 2147; x_wconf 59' lang='grc' dir='ltr'>δὴ</span> <span class='ocrx_word' id='word_1_380' title='bbox 703 2108 798 2148; x_wconf 68' lang='lat' dir='ltr'><strong>aim.</strong></span> <span class='ocrx_word' id='word_1_381' title='bbox 813 2108 888 2148; x_wconf 82' lang='lat' dir='ltr'>&amp;c-</span> <span class='ocrx_word' id='word_1_382' title='bbox 908 2107 949 2145; x_wconf 91' lang='lat' dir='ltr'>F.</span> <span class='ocrx_word' id='word_1_383' title='bbox 966 2107 1072 2160; x_wconf 91' lang='lat' dir='ltr'>quod</span> <span class='ocrx_word' id='word_1_384' title='bbox 1086 2107 1206 2147; x_wconf 86' lang='lat' dir='ltr'>editae</span> <span class='ocrx_word' id='word_1_385' title='bbox 1215 2106 1370 2146; x_wconf 65' lang='lat' dir='ltr'>leftioni</span> <span class='ocrx_word' id='word_1_386' title='bbox 1383 2120 1450 2159; x_wconf 81' lang='lat' dir='ltr'>par</span> <span class='ocrx_word' id='word_1_387' title='bbox 1464 2106 1527 2146; x_wconf 86' lang='lat' dir='ltr'>est.</span> <span class='ocrx_word' id='word_1_388' title='bbox 1557 2107 1648 2157; x_wconf 83' lang='lat' dir='ltr'><strong>Pag.</strong></span> <span class='ocrx_word' id='word_1_389' title='bbox 1659 2120 1720 2158; x_wconf 92' lang='lat'>97.</span> <span class='ocrx_word' id='word_1_390' title='bbox 1733 2107 1904 2149; x_wconf 77' lang='grc' dir='ltr'><strong><em>Ι.6.Συν’-</em></strong></span> 
     </span>
     <span class='ocr_line' id='line_1_36' title="bbox 638 2159 1904 2215; baseline 0.002 -15"><span class='ocrx_word' id='word_1_391' title='bbox 638 2160 775 2215; x_wconf 76' lang='grc' dir='ltr'>τιθεῖς)</span> <span class='ocrx_word' id='word_1_392' title='bbox 794 2159 957 2201; x_wconf 75' lang='grc' dir='ltr'><strong><em>συντίθης</em></strong></span> <span class='ocrx_word' id='word_1_393' title='bbox 974 2162 1006 2200; x_wconf 93' lang='grc' dir='ltr'>Ι.</span> <span class='ocrx_word' id='word_1_394' title='bbox 1026 2162 1070 2199; x_wconf 90' lang='lat' dir='ltr'><strong>V.</strong></span> <span class='ocrx_word' id='word_1_395' title='bbox 1087 2175 1122 2200; x_wconf 90' lang='lat'>2.</span> <span class='ocrx_word' id='word_1_396' title='bbox 1139 2161 1184 2200; x_wconf 90' lang='lat' dir='ltr'>B.</span> <span class='ocrx_word' id='word_1_397' title='bbox 1199 2174 1230 2199; x_wconf 90' lang='lat'>1.</span> <span class='ocrx_word' id='word_1_398' title='bbox 1249 2173 1283 2200; x_wconf 90' lang='lat'>2.</span> <span class='ocrx_word' id='word_1_399' title='bbox 1295 2160 1399 2200; x_wconf 60' lang='lat' dir='ltr'>reete</span> <span class='ocrx_word' id='word_1_400' title='bbox 1416 2161 1591 2213; x_wconf 90' lang='lat' dir='ltr'>quidem:</span> <span class='ocrx_word' id='word_1_401' title='bbox 1607 2160 1667 2199; x_wconf 91' lang='lat' dir='ltr'>sed</span> <span class='ocrx_word' id='word_1_402' title='bbox 1681 2162 1772 2212; x_wconf 89' lang='lat' dir='ltr'>quia</span> <span class='ocrx_word' id='word_1_403' title='bbox 1787 2161 1825 2200; x_wconf 87' lang='lat' dir='ltr'>S.</span> <span class='ocrx_word' id='word_1_404' title='bbox 1841 2174 1904 2202; x_wconf 80' lang='lat' dir='ltr'>ac·</span> 
     </span>
     <span class='ocr_line' id='line_1_37' title="bbox 640 2213 1902 2266; baseline 0 -11"><span class='ocrx_word' id='word_1_405' title='bbox 640 2226 755 2255; x_wconf 89' lang='lat' dir='ltr'>centu</span> <span class='ocrx_word' id='word_1_406' title='bbox 767 2224 916 2254; x_wconf 80' lang='lat' dir='ltr'>tantum</span> <span class='ocrx_word' id='word_1_407' title='bbox 933 2224 1086 2254; x_wconf 81' lang='lat' dir='ltr'>mutato</span> <span class='ocrx_word' id='word_1_408' title='bbox 1107 2214 1264 2266; x_wconf 87' lang='lat' dir='ltr'>propius</span> <span class='ocrx_word' id='word_1_409' title='bbox 1278 2215 1422 2254; x_wconf 83' lang='lat' dir='ltr'>accedit</span> <span class='ocrx_word' id='word_1_410' title='bbox 1438 2214 1483 2253; x_wconf 84' lang='lat' dir='ltr'>ad</span> <span class='ocrx_word' id='word_1_411' title='bbox 1501 2214 1684 2254; x_wconf 75' lang='grc' dir='ltr'><strong><em>συντιθεὶς</em></strong></span> <span class='ocrx_word' id='word_1_412' title='bbox 1694 2213 1735 2253; x_wconf 89' lang='lat' dir='ltr'>F.</span> <span class='ocrx_word' id='word_1_413' title='bbox 1747 2214 1787 2253; x_wconf 87' lang='lat'>&amp;</span> <span class='ocrx_word' id='word_1_414' title='bbox 1799 2216 1851 2253; x_wconf 92' lang='lat' dir='ltr'><strong>A.</strong></span> <span class='ocrx_word' id='word_1_415' title='bbox 1867 2228 1902 2255; x_wconf 89' lang='lat'>1.</span> 
     </span>
     <span class='ocr_line' id='line_1_38' title="bbox 637 2264 1902 2322; baseline 0.001 -15"><span class='ocrx_word' id='word_1_416' title='bbox 637 2269 716 2308; x_wconf 92' lang='lat' dir='ltr'>hoc</span> <span class='ocrx_word' id='word_1_417' title='bbox 732 2269 860 2322; x_wconf 89' lang='lat' dir='ltr'>potius</span> <span class='ocrx_word' id='word_1_418' title='bbox 872 2268 998 2307; x_wconf 82' lang='lat' dir='ltr'><strong>habui.</strong></span> <span class='ocrx_word' id='word_1_419' title='bbox 1027 2269 1050 2307; x_wconf 93' lang='lat' dir='ltr'>I.</span> <span class='ocrx_word' id='word_1_420' title='bbox 1064 2264 1328 2320; x_wconf 70' lang='lat' dir='ltr'><strong>14.’&#39;A7rpowoi)</strong></span> <span class='ocrx_word' id='word_1_421' title='bbox 1341 2267 1459 2319; x_wconf 86' lang='lat' dir='ltr'>Quae</span> <span class='ocrx_word' id='word_1_422' title='bbox 1476 2280 1546 2307; x_wconf 86' lang='lat' dir='ltr'>nos</span> <span class='ocrx_word' id='word_1_423' title='bbox 1565 2268 1665 2307; x_wconf 82' lang='lat' dir='ltr'>ratio</span> <span class='ocrx_word' id='word_1_424' title='bbox 1680 2267 1797 2320; x_wconf 85' lang='lat' dir='ltr'>paulo</span> <span class='ocrx_word' id='word_1_425' title='bbox 1813 2279 1902 2308; x_wconf 84' lang='lat' dir='ltr'>ante</span> 
     </span>
     <span class='ocr_line' id='line_1_39' title="bbox 639 2317 1901 2373; baseline -0.001 -11"><span class='ocrx_word' id='word_1_426' title='bbox 639 2324 768 2362; x_wconf 88' lang='lat' dir='ltr'>movit</span> <span class='ocrx_word' id='word_1_427' title='bbox 780 2354 792 2371; x_wconf 94' lang='lat'>‚</span> <span class='ocrx_word' id='word_1_428' title='bbox 806 2333 849 2362; x_wconf 91' lang='lat' dir='ltr'>ut</span> <span class='ocrx_word' id='word_1_429' title='bbox 862 2322 959 2361; x_wconf 88' lang='lat' dir='ltr'>hanc</span> <span class='ocrx_word' id='word_1_430' title='bbox 972 2334 1113 2361; x_wconf 90' lang='lat' dir='ltr'>vocem</span> <span class='ocrx_word' id='word_1_431' title='bbox 1127 2333 1420 2373; x_wconf 86' lang='lat' dir='ltr'>reponeremus,</span> <span class='ocrx_word' id='word_1_432' title='bbox 1437 2321 1567 2360; x_wconf 84' lang='lat' dir='ltr'>eadem</span> <span class='ocrx_word' id='word_1_433' title='bbox 1583 2317 1644 2360; x_wconf 85' lang='lat' dir='ltr'>hic</span> <span class='ocrx_word' id='word_1_434' title='bbox 1664 2321 1785 2361; x_wconf 81' lang='lat' dir='ltr'>vaiet:</span> <span class='ocrx_word' id='word_1_435' title='bbox 1807 2334 1901 2362; x_wconf 89' lang='lat' dir='ltr'>con-</span> 
     </span>
     <span class='ocr_line' id='line_1_40' title="bbox 638 2373 1902 2428; baseline 0.002 -14"><span class='ocrx_word' id='word_1_436' title='bbox 638 2376 735 2415; x_wconf 85' lang='lat' dir='ltr'>tenti</span> <span class='ocrx_word' id='word_1_437' title='bbox 747 2375 874 2416; x_wconf 90' lang='lat' dir='ltr'>sumus</span> <span class='ocrx_word' id='word_1_438' title='bbox 886 2374 1004 2415; x_wconf 92' lang='lat' dir='ltr'>solius</span> <span class='ocrx_word' id='word_1_439' title='bbox 1021 2376 1063 2413; x_wconf 91' lang='lat' dir='ltr'><strong>V.</strong></span> <span class='ocrx_word' id='word_1_440' title='bbox 1076 2390 1110 2414; x_wconf 89' lang='lat'>2.</span> <span class='ocrx_word' id='word_1_441' title='bbox 1122 2373 1320 2428; x_wconf 82' lang='lat' dir='ltr'>suffragi03</span> <span class='ocrx_word' id='word_1_442' title='bbox 1340 2376 1474 2415; x_wconf 83' lang='lat' dir='ltr'>namin</span> <span class='ocrx_word' id='word_1_443' title='bbox 1484 2374 1616 2414; x_wconf 88' lang='lat' dir='ltr'>ceteris</span> <span class='ocrx_word' id='word_1_444' title='bbox 1625 2375 1802 2414; x_wconf 87' lang='lat' dir='ltr'>omnibus</span> <span class='ocrx_word' id='word_1_445' title='bbox 1812 2375 1902 2416; x_wconf 87' lang='lat' dir='ltr'>hae-</span> 
     </span>
     <span class='ocr_line' id='line_1_41' title="bbox 638 2427 1902 2482; baseline 0 -14"><span class='ocrx_word' id='word_1_446' title='bbox 638 2440 699 2469; x_wconf 83' lang='lat' dir='ltr'>ret</span> <span class='ocrx_word' id='word_1_447' title='bbox 711 2427 914 2482; x_wconf 68' lang='grc' dir='ltr'><strong><em>ἄπροικτοι.</em></strong></span> <span class='ocrx_word' id='word_1_448' title='bbox 929 2429 977 2468; x_wconf 88' lang='lat' dir='ltr'>Et</span> <span class='ocrx_word' id='word_1_449' title='bbox 988 2428 1039 2469; x_wconf 87' lang='lat' dir='ltr'>fic</span> <span class='ocrx_word' id='word_1_450' title='bbox 1050 2428 1234 2480; x_wconf 87' lang='lat' dir='ltr'>Guyetus</span> <span class='ocrx_word' id='word_1_451' title='bbox 1245 2429 1356 2468; x_wconf 84' lang='lat' dir='ltr'>etiam</span> <span class='ocrx_word' id='word_1_452' title='bbox 1370 2429 1429 2468; x_wconf 85' lang='lat' dir='ltr'>hic</span> <span class='ocrx_word' id='word_1_453' title='bbox 1441 2428 1482 2467; x_wconf 88' lang='lat'>&amp;</span> <span class='ocrx_word' id='word_1_454' title='bbox 1495 2428 1607 2481; x_wconf 88' lang='lat' dir='ltr'>supra</span> <span class='ocrx_word' id='word_1_455' title='bbox 1618 2429 1902 2468; x_wconf 84' lang='lat' dir='ltr'>emendaverat.</span> 
     </span>
     <span class='ocr_line' id='line_1_42' title="bbox 642 2480 1904 2537; baseline -0.001 -15"><span class='ocrx_word' id='word_1_456' title='bbox 642 2484 733 2536; x_wconf 80' lang='lat' dir='ltr'><strong>Pag.</strong></span> <span class='ocrx_word' id='word_1_457' title='bbox 745 2496 807 2536; x_wconf 93' lang='lat'>99.</span> <span class='ocrx_word' id='word_1_458' title='bbox 823 2484 846 2523; x_wconf 92' lang='lat' dir='ltr'>I.</span> <span class='ocrx_word' id='word_1_459' title='bbox 864 2498 898 2537; x_wconf 81' lang='lat'>3.</span> <span class='ocrx_word' id='word_1_460' title='bbox 912 2480 1119 2535; x_wconf 71' lang='grc' dir='ltr'><strong><em>Ἡράκλεις)</em></strong></span> <span class='ocrx_word' id='word_1_461' title='bbox 1133 2482 1310 2533; x_wconf 77' lang='grc' dir='ltr'>Ἣρέικλης</span> <span class='ocrx_word' id='word_1_462' title='bbox 1325 2482 1355 2521; x_wconf 97' lang='lat' dir='ltr'>l.</span> <span class='ocrx_word' id='word_1_463' title='bbox 1396 2482 1486 2534; x_wconf 80' lang='lat' dir='ltr'><strong>Pag.</strong></span> <span class='ocrx_word' id='word_1_464' title='bbox 1504 2494 1587 2520; x_wconf 82' lang='lat'><strong>100.</strong></span> <span class='ocrx_word' id='word_1_465' title='bbox 1603 2483 1626 2520; x_wconf 88' lang='lat' dir='ltr'>l.</span> <span class='ocrx_word' id='word_1_466' title='bbox 1640 2482 1675 2521; x_wconf 90' lang='lat'>8.</span> <span class='ocrx_word' id='word_1_467' title='bbox 1686 2481 1760 2522; x_wconf 73' lang='grc' dir='ltr'>Τῶν</span> <span class='ocrx_word' id='word_1_468' title='bbox 1771 2481 1904 2535; x_wconf 61' lang='grc' dir='ltr'><strong><em>ὅντων)</em></strong></span> 
     </span>
     <span class='ocr_line' id='line_1_43' title="bbox 640 2532 1900 2589; baseline 0 -13"><span class='ocrx_word' id='word_1_469' title='bbox 640 2538 778 2578; x_wconf 74' lang='grc' dir='ltr'><strong><em>τούτων</em></strong></span> <span class='ocrx_word' id='word_1_470' title='bbox 793 2538 836 2579; x_wconf 87' lang='lat' dir='ltr'>F.</span> <span class='ocrx_word' id='word_1_471' title='bbox 890 2538 914 2576; x_wconf 90' lang='grc' dir='ltr'>Ι.</span> <span class='ocrx_word' id='word_1_472' title='bbox 931 2550 945 2575; x_wconf 87' lang='lat'>1</span> <span class='ocrx_word' id='word_1_473' title='bbox 958 2550 991 2589; x_wconf 85' lang='lat'>3.</span> <span class='ocrx_word' id='word_1_474' title='bbox 1009 2532 1218 2589; x_wconf 62' lang='grc' dir='ltr'>Οὗὸοιμοῦ)</span> <span class='ocrx_word' id='word_1_475' title='bbox 1236 2535 1491 2579; x_wconf 75' lang='lat' dir='ltr'>Consentiunt</span> <span class='ocrx_word' id='word_1_476' title='bbox 1506 2548 1642 2577; x_wconf 89' lang='lat' dir='ltr'>omnes</span> <span class='ocrx_word' id='word_1_477' title='bbox 1657 2535 1738 2577; x_wconf 89' lang='lat' dir='ltr'><strong>edd.</strong></span> <span class='ocrx_word' id='word_1_478' title='bbox 1753 2545 1900 2589; x_wconf 72' lang='lat' dir='ltr'>praeter</span> 
     </span>
    </p>
   </div>
   <div class='ocr_carea' id='block_1_3' title="bbox 1917 0 2015 3490">
    <p class='ocr_par' dir='ltr' id='par_1_3' title="bbox 1917 0 2015 3490">
     <span class='ocr_line' id='line_1_44' title="bbox 1917 0 2015 3490; baseline 0 0"><span class='ocrx_word' id='word_1_479' title='bbox 1917 0 2015 3490; x_wconf 95' lang='lat' dir='ltr'> </span> 
     </span>
    </p>
   </div>
  </div>
 </body>
</html>
