2015 3490
296 223 382 269 IN
415 219 1108 269 NECYOMANTIAM.
1241 237 1329 285 343

61 321 191 360 ματα.
210 307 421 349 Attamen·
412 321 450 347 in
463 308 638 348 Luciano
659 307 751 346 nihil
769 318 924 361 oportet
944 307 1098 347 mutari:
1120 320 1204 346 nam
1221 320 1263 347 ut
1282 309 1333 348 ab

68 361 221 402 incursu
240 363 430 401 malorum
450 362 649 422 geniorum
672 360 824 422 prorsus
846 362 1042 401 lustratum
1066 360 1332 411 defenderent,

67 415 222 455 ultimus
234 427 316 456 erat
325 416 417 455 sacri
430 416 563 467 magici
575 415 771 461 circuitus,
782 416 827 454 ad
843 428 959 467 quem
972 414 1256 467 significandum
1268 430 1319 454 πε
1321 437 1335 446 -

70 483 120 520 ριε
114 469 290 522 ρχεσῧαι
306 467 400 508 solet
416 448 594 508 adhiberi.
606 467 795 507 Nosterin
810 469 944 520 Philop
948 468 970 506 s.
989 469 1004 516 §
1022 481 1081 513 12,
1091 472 1178 518 θείῳ
1190 468 1334 507 adiel&-

67 520 108 560 ss
124 523 359 575 καθαγνίσας
378 526 440 561 τὴν
454 523 567 560 τόπον
579 521 795 572 περιελθὼν’
781 535 817 561 ες
833 522 909 574 τρὶς
922 482 996 561 ὅτε.
1013 521 1133 560 homo
1151 523 1332 573 nimirum.

67 575 312 626 Babylonius
332 588 380 615 ex
400 575 685 615 Chaldaeorum
707 587 893 614 numero:
921 575 1007 614 ideo
1027 575 1072 613 de
1094 576 1249 626 cycnis,
1264 577 1332 628 qui

68 628 116 667 ad
132 629 262 669 aedem
273 630 524 681 Hyperborei
534 628 729 680 Apollinis
741 640 915 694 tempore
927 627 1123 668 sacrorum
1137 628 1232 668 stato
1243 643 1334 668 con»-

67 681 228 730 volant,
244 683 393 722 Aelian
404 683 450 722 de
466 681 677 729 Anim.X1‚
697 695 729 730 1,
743 697 805 720 και
824 681 1072 734 περιελθόντες
1086 685 1146 720 τόν
1161 683 1333 731 νεὼν,καὶ

70 734 174 774 οἱονει
188 737 410 788 καθήραντες
423 732 537 775 αὐτὸν
550 734 599 781 ‘rip'
609 733 731 774 πτῆσε
734 751 756 774 ι.
772 735 875 775 Hinc
886 749 954 786 περ
937 749 1080 788 ριαγειν
1092 736 1131 774 8(
1143 751 1191 774 πε
1181 751 1242 787 -ερι
1246 752 1278 774 ν..
1265 750 1333 788 εγ-

66 788 161 834 κεῖν,
178 789 401 840 circumferre,
423 788 528 842 quast
548 789 721 856 propria
719 788 1005 829 lustrationibus
1028 789 1167 828 verba·
1187 789 1334 829 Athen.

69 842 182 889 XIV,
194 857 239 910 p.
225 843 322 882 .626
337 843 377 882 F.
397 842 580 894 καθαρμόν
595 856 659 883 της
673 841 820 882 πόλεως
831 841 1070 882 ποιήσασῧαι
1091 856 1196 894 wa)
1204 857 1245 881 ια
1266 857 1333 881 πε-

69 894 332 961 ριαγαγόντας
345 896 470 946 κύκλῳ
482 910 545 937 της
556 896 685 949 χώρας
699 910 868 935 απαο-ης.
882 896 1020 952 Polyb.
1030 896 1104 941 IV,
1118 910 1151 948 ρ.
1162 909 1253 948 405,
1267 910 1332 935 κα

70 949 241 1000 Βᾶρμδν
227 964 463 996 ΕἸΓΟΙΠσοίνΤΟ,
478 964 541 988 καί
553 963 706 1002 σφαγΙα
721 964 842 1001 περιῆν
845 963 991 1002 ξ’γκαν
976 963 1039 988 ‘Ins
1053 964 1095 988 ‘Te
1107 949 1202 988 πῡλξ
1205 963 1251 988 .ῠῖ
1272 964 1334 988 κυ-

70 1002 171 1052 narii,
175 1003 238 1042 καὶ
257 1017 322 1044 ‘tm'
336 1003 468 1056 χώρας
487 1003 629 1043 πάσης.
651 1002 814 1042 Athenis
826 1017 1106 1055 περιστιαρχων
1121 1014 1228 1042 erant
1243 1015 1334 1055 par-

68 1066 125 1095 tes
137 1071 387 1121 περιενεγκειν
397 1056 590 1109 καθαρσιον
603 1057 684 1108 περὶ
703 1071 768 1097 την
780 1056 1000 1105 {nunno-tow,
1014 1068 1115 1109 quos
1128 1056 1258 1096 Suidas
1276 1057 1332 1096 ait

67 1107 195 1160 ἔξωθεν
208 1111 808 1175 περιέρχεσῧαιχοιροφορουντας.
818 1110 927 1150 Adde
938 1111 1083 1150 Herod.
1097 1109 1211 1158 1,.84
1234 1111 1334 1163 Hip-

69 1175 180 1216 pocr.
193 1174 322 1203 autem
343 1164 462 1215 mepil.
481 1169 522 1203 N.
544 1178 578 1216 p.
595 1178 743 1216 302‚v.
764 1163 1334 1216 35‚ub1praest101asnequiffi-

70 1229 225 1256 morum
239 1218 441 1256 hominum
456 1218 501 1256 ad
516 1218 664 1270 plebem
676 1217 767 1257 naso
783 1218 991 1257 ducendam
1003 1219 1239 1270 excogitatas
1250 1230 1333 1270 gra-

68 1271 171 1311 viter
185 1271 430 1336 perstrinxit,
439 1287 488 1310 πε
476 1271 671 1322 ρωιαθαίρε
674 1286 704 1310 ιν
716 1270 980 1334 καὶμαγεὺειν
995 1271 1116 1310 habet.
1139 1272 1303 1311 HEMST.

123 1326 197 1363 ead.
207 1326 233 1364 I
249 1339 262 1363 1
273 1340 305 1363 2.
319 1324 383 1364 Ὡς
394 1321 505 1377 ouon)
518 1321 732 1371 Emenda,
712 1340 758 1365 ως
769 1324 839 1378 εῐχ
842 1340 875 1364 ον
888 1324 1050 1364 &vavrae-‘¹¹
1055 1325 1175 1376 ζοντα.
1190 1325 1335 1365 BROD.

73 1379 314 1472 Head.l.14.
336 1373 592 1431 ”Esu)’13v÷‘sv
610 1380 777 1419 orationi
799 1365 932 1433 prosae
951 1379 1087 1418 melius
1113 1380 1334 1420 conveniet.

116 1442 240 1471 EMST.

124 1487 198 1524 ead.
215 1487 239 1524 l.
258 1499 316 1539 15.
335 1485 468 1538 Φὲρων)
488 1485 600 1538 Φέρων
618 1485 814 1525 redundat.
836 1486 980 1526 BRODJ

123 1539 209 1577 ibid.
221 1539 276 1589 Τῷ
289 1539 406 1591 πίλῳ)
422 1539 581 1592 Optime
603 1539 806 1579 Rubenius.
816 1540 861 1579 de
876 1540 924 1580 R.
936 1541 988 1584 V.
1000 1539 1057 1587 ΙΙ,
1077 1552 1140 1593 15,
1153 1540 1332 1580 Thomae

71 1592 176 1632 Mori
187 1594 322 1632 clavam
334 1593 483 1633 reiecit·
507 1594 571 1633 cui
583 1604 713 1632 tamen
722 1606 782 1632 err
785 1595 845 1632 ori
858 1592 984 1632 ansam
1000 1592 1059 1632 for
1063 1604 1098 1632 te
1111 1594 1253 1632 dederit
1267 1592 1332 1632 vel

70 1646 251 1686 leoninae
259 1646 367 1699 pellis
380 1648 553 1699 proxime
566 1646 767 1686 succedens
776 1647 1039 1694 mentio‚vel
1023 1647 1178 1698 ροπαλῳ
1189 1647 1286 1686 lectu
1293 1661 1332 1685 r11

71 1713 145 1752 pro
169 1699 221 1749 τῷ
239 1701 349 1749 πίλῳ·
367 1700 503 1761 quod,
511 1699 579 1739 etsi
593 1701 747 1740 minime
767 1702 925 1753 quadret
940 1701 1030 1740 huic
1044 1700 1158 1749 loco,
1178 1714 1227 1740 eo
1241 1699 1335 1741 faci·

70 1754 146 1794 lius
159 1754 326 1809 cogites,
351 1753 561 1806 ᾳυίειπῖλος
575 1754 661 1793 alibi
677 1767 835 1807 quoque
849 1754 1012 1805 ῥοπάλου
1027 1754 1148 1793 sedem
1163 1767 1335 1806 occupa·

72 1807 152 1846 vit:
171 1820 260 1846 nam
276 1805 377 1860 apud
387 1807 610 1847 Diodorum
624 1819 725 1848 certe
738 1809 869 1854 XVII,
881 1822 917 1861 p.
930 1810 1003 1859 615
1017 1809 1062 1847 B.
1078 1809 1115 1846 in
1134 1808 1196 1846 illa
1211 1807 1334 1846 nobili

73 1860 239 1914 Corragi
255 1861 504 1908 Macedonis,
528 1873 644 1914 atque
658 1861 897 1901 Athenienfis
908 1861 1093 1914 Dioxippi
1107 1875 1185 1926 pue
1189 1875 1255 1910 na,
1268 1861 1335 1900 ubi

73 1914 137 1955 hic
151 1914 328 1967 prodiisse
345 1915 469 1954 nudus
482 1915 524 1954 &
538 1916 628 1954 oleo
642 1916 772 1955 nidens
791 1926 992 1961 narratur,
1015 1928 1088 1981 pro
1109 1916 1211 1966 ’έχων
1224 1915 1335 1954 πῖλον

73 1967 281 2022 σύμμετρον
298 1968 377 2008 fine
390 1968 655 2008 controversia
669 1970 934 2022 reponendum
956 1968 1047 2008 est
1031 1968 1203 2020 ρόπαλον·
1226 1968 1334 2022 quod

72 2035 157 2062 non
169 2033 318 2062 tantum
332 2035 380 2061 ex
394 2021 634 2075 sequentibus
649 2022 844 2062 manifesto
857 2034 973 2075 patet,
993 2023 1164 2090 inprimis
1177 2022 1337 2074 quando

73 2087 200 2124 notat,
212 2076 463 2129 Dioxippum
474 2075 686 2142 praetulisse
698 2076 768 2116 sm
780 2076 845 2117 τὴν
859 2077 939 2128 περὶ
952 2091 994 2114 το
1010 2077 1173 2127 ῥόπαλον
1191 2076 1335 2116 isann-

75 2144 130 2169 τα
141 2129 343 2182 πρόσοψιν
347 2130 638 2182 Ηρακλεωτικην,
651 2143 789 2170 verum
802 2130 914 2171 etiam
927 2143 975 2169 ex
989 2130 1074 2169 Ael.
1086 2130 1136 2168 V.
1148 2130 1198 2168 H.
1208 2131 1257 2176 X,
1268 2143 1337 2175 22,

76 2183 119 2223 &
129 2182 269 2223 Curtio
281 2184 349 2231 IX,
361 2198 402 2234 7,
417 2184 483 2236 qui
494 2185 647 2223 validum
665 2184 889 2236 nodosumque
899 2185 1043 2237 stipitem
1059 2183 1244 2236 appellat:
1269 2183 1335 2221 ab·

75 2235 209 2276 horret
227 2248 372 2283 autem,
394 2248 449 2284 ut,
467 2251 532 2290 qul
543 2248 752 2277 coronatus
763 2239 999 2298 procederet,
1015 2238 1116 2289 pileo
1129 2247 1335 2288 tegeretur.

78 2290 286 2343 Utriusque
307 2303 405 2330 vero
425 2291 511 2343 pilei
535 2292 574 2330 δι
597 2291 728 2331 clavae
742 2292 913 2333 meminit
927 2290 1033 2329 Ph1lo
1049 2290 1128 2330 Iud.
1144 2291 1189 2329 de
1212 2289 1337 2336 Caio,

77 2345 142 2396 qui
154 2344 260 2384 cultu
274 2346 389 2385 vario
403 2357 506 2384 nunc
520 2344 701 2384 Deorum
714 2346 836 2393 hunc,
860 2357 963 2384 nunc
981 2344 1098 2383 alium
1118 2344 1335 2384 imitabatur

79 2409 117 2446 p.
132 2411 226 2450 1093
244 2398 288 2437 B.
307 2399 443 2439 Exeo-nv
457 2410 595 2437 αλλοτε
608 2398 770 2438 αλλοίαν,
781 2399 981 2448 ἑλαμβανε,
997 2398 1090 2436 ποτὲ
1103 2398 1172 2447 μὲν
1187 2397 1333 2437 λεοντῆν

80 2464 146 2489 και
156 2451 315 2502 ῥοπαλον
325 2452 519 2511 ἀμφότερα
532 2452 741 2511 ἑπίχρυοτα,
755 2452 1074 2520 Σιακοσμουμενος
1083 2452 1132 2490 εὶς
1139 2451 1335 2512 Ἡρακλέα

82 2504 177 2545 ποτὲ
187 2504 232 2546 δὲ
244 2505 376 2546 πίλους
387 2505 450 2547 ἐπὶ
465 2519 529 2548 της
538 2504 717 2557 κεφαλῆς,
727 2505 844 2549 ὁπότε,
854 2505 1009 2548 monako
1023 2505 1072 2544 εἰς
1084 2502 1340 2558 Διοσκούρους.

1013 2559 1104 2608 Y4
