2015 3490
654 236 743 300 348
850 231 1720 281 ANNOTATIONES

648 336 756 376 paret
778 321 886 369 satis,
909 321 1120 362 desumtum
1136 334 1186 361 ex
1199 321 1353 360 vetusto
1365 321 1531 360 carmine
1545 351 1556 368 ,
1579 320 1621 360 δι
1638 319 1712 360 effe
1731 320 1917 362 hexames

652 387 770 422 trum,
783 377 890 428 quod
906 386 1051 414 mutare
1060 375 1251 414 Lucianus
1267 387 1345 414 non
1360 374 1472 413 solet:
1491 374 1603 426 idque
1617 385 1660 414 ut
1673 375 1917 427 recipiamuS,
1939 377 1943 380 ’

652 441 749 483 puto
766 429 967 481 legendum
983 458 994 475 ,
1008 429 1161 468 Ἕκέιτην
1173 427 1368 467 καὶπεινὺν
1384 432 1431 466 Π.
1446 427 1590 467 GRON.
1975 431 1978 434 ⁴

663 519 665 522 ,
704 484 787 522 ibid.
806 482 993 534 Αἱπεινην)
1007 482 1082 520 Pro
1092 481 1256 520 αἰπεινὴν
1271 480 1545 532 Περσεφόνειαν,
1562 481 1645 532 lege
1659 480 1809 521 ἐπαινὴν
1823 487 1915 535 Περ-

651 537 851 584 σεφόνειαν,
864 547 906 575 ut
919 535 1063 575 ostendi
1082 535 1118 573 in
1132 534 1358 574 lectionibus
1374 533 1573 573 Hefiodeis
1591 535 1638 573 ad
1651 535 1857 586 Theogon.
1874 550 1917 575 v.

650 589 740 640 768.
758 589 932 629 GRAEV.
955 588 1085 629 Secuti
1105 587 1234 627 sumus
1249 588 1551 626 emendationem
1566 587 1749 635 Graevii,
1768 589 1809 628 δι
1830 599 1919 629 ante

651 656 740 682 eum
755 644 919 691 Vorstii,
943 643 988 681 de
1003 655 1080 695 qua
1093 641 1356 681 controverfia
1372 642 1524 680 moveri
1538 653 1617 680 non
1632 641 1765 693 potest.
1783 641 1847 681 Ed.
1861 642 1918 683 Fl.

652 696 808 743 ἐπεινῗιν,
832 697 937 749 quod
960 709 1084 748 prope
1098 695 1143 734 ad
1159 708 1290 734 veram
1305 695 1464 734 accedit:
1485 695 1673 734 καιπεινὴν
1693 695 1733 734 Ρ.
1754 695 1914 736 Sor-AN.

653 749 756 789 Cum
769 751 966 803 epitheton
979 749 1124 788 αἰπεινὴ
1138 779 1149 796 ,
1164 749 1345 800 quamvis
1358 761 1442 788 vox
1458 747 1502 786 fit
1517 748 1613 787 bene
1629 748 1779 788 Graeca
1790 780 1802 796 ‚
1823 749 1921 789 Pro-

650 802 823 856 serpinae
836 804 943 843 nullo
962 803 1075 855 paeto
1094 803 1328 848 conveniat,
1346 802 1493 854 optime
1507 801 1702 841 Graevius
1722 803 1796 842 tale
1810 802 1917 842 resti-

603 868 607 871 ·
650 858 742 905 tuit,
765 858 872 909 quod
889 870 968 897 non
991 868 1141 896 tantum
1161 854 1259 895 facili
1281 869 1413 896 errore
1438 855 1477 893 in
1493 855 1691 907 vulgatam
1713 855 1918 897 lectionem

651 913 853 964 corrumpi
869 922 1040 962 poterat,
1054 909 1116 948 sed
1128 911 1242 949 etiam
1257 909 1360 962 apud
1374 910 1592 948 Homerum
1605 937 1615 955 ,
1641 921 1757 962 quem
1773 910 1922 962 ubique

650 964 791 1003 Noster
805 966 988 1010 imitatur,
1011 965 1049 1003 in
1065 963 1253 1016 frequenti
1272 963 1327 1002 est
1339 961 1430 1009 usu3
1457 973 1571 1014 atque
1587 963 1683 1001 adeo
1704 963 1742 1001 in
1766 961 1844 1015 ipsa
1864 978 1919 1003 νε-

651 1019 879 1067 κυομαντειά
892 1018 968 1057 Od.
991 1022 1018 1055 A
1032 1046 1043 1064 ,
1059 1032 1125 1068 47,
1140 1017 1240 1056 unde
1264 1016 1337 1055 iam
1360 1016 1398 1054 in
1423 1014 1682 1068 superioribus
1702 1016 1776 1056 huc
1801 1017 1922 1057 multa

652 1070 761 1110 fuiffe
773 1072 944 1111 derivata
958 1082 1198 1124 compertum
1213 1070 1276 1110 est.
1292 1069 1381 1109 Vid.
1392 1069 1467 1109 Od.
1479 1073 1507 1105 K
1517 1099 1530 1114 ,
1544 1083 1635 1120 491,
1655 1084 1696 1122 53
1703 1084 1744 1118 ,4,
1761 1070 1846 1122 564.
1869 1070 1917 1110 In

651 1126 799 1164 ratione
814 1126 922 1165 vocis
939 1125 1185 1178 explicanda,
1201 1134 1244 1163 ut
1258 1123 1337 1163 fere
1349 1122 1636 1169 vetustissimae,
1649 1136 1812 1175 quarum
1829 1122 1920 1163 usus

651 1178 736 1230 post
757 1179 975 1218 Homerum
990 1179 1219 1232 pedetentim
1237 1177 1432 1223 exolevit,
1444 1176 1652 1229 plurimum
1676 1176 1816 1216 habent
1826 1177 1922 1216 diffi-

651 1231 818 1278 cultatis,
832 1232 1187 1272 Grammaticorum
1202 1229 1398 1270 dissensum
1411 1229 1631 1270 Scholiastes
1643 1230 1805 1283 explicat
1817 1230 1863 1269 ad
1877 1229 1924 1271 ΙΙ.

651 1289 687 1332 1,
701 1300 790 1337 457.
805 1285 1009 1339 Duplicem
1024 1285 1373 1338 interpretationem
1389 1284 1588 1323 annotavit
1604 1282 1776 1335 Hesych.
1793 1284 1922 1324 Ἐπαι-

651 1338 708 1385 νὴ,
722 1339 911 1380 ἐπαινετή·
931 1341 950 1379 ii
967 1340 1069 1380 θεινη
1086 1340 1150 1377 καὶ
1162 1339 1314 1389 φοβεροὶ·
1327 1338 1436 1377 aliam
1449 1336 1616 1376 Eustath.
1631 1351 1666 1389 p.
1686 1337 1806 1389 1665,
1825 1352 1865 1377 v.
1878 1351 1925 1388 7,

641 1391 755 1431 Ἐστι
769 1392 816 1432 s&
829 1393 958 1433 ἑπαινῖι
974 1392 1175 1446 Περσεφόνη
1190 1390 1208 1433 ἦ
1224 1391 1566 1438 octaviano-neem,
1577 1391 1611 1430 ἐν
1625 1390 1751 1429 σκότει
1764 1390 1922 1444 διάγου-

653 1459 721 1485 σα·
733 1447 752 1486 ἢ
763 1447 912 1496 μᾶλλον
924 1447 1022 1495 αἰνὴ,
1035 1445 1053 1486 η
1068 1446 1186 1494 servii,
1198 1444 1474 1496 πλεοναζούσης
1486 1445 1552 1483 καὶ
1569 1443 1625 1483 νῦν
1645 1443 1857 1497 προθέσεως,
1871 1440 1920 1485 ὥς

653 1500 719 1538 καὶ
745 1500 778 1539 ἐν
796 1500 936 1541 ἄλλοις.
962 1501 1087 1554 Quod
1107 1513 1155 1540 ex
1172 1499 1314 1539 Proclo
1333 1500 1378 1540 ad
1392 1497 1548 1538 Hefiod.
1568 1499 1617 1537 'E.
1634 1498 1700 1537 καὶ
1718 1498 1770 1537 Ἦ.
1787 1512 1826 1537 v.
1842 1499 1918 1551 643
1976 1517 1979 1522 ⁴

652 1553 846 1594 Graevius
860 1556 1006 1602 attulit,
1029 1554 1090 1594 ille
1111 1553 1189 1594 sine
1200 1553 1321 1593 dubio
1336 1551 1515 1592 sumserat
1527 1566 1548 1592 a
1568 1551 1794 1596 Plutarcho,
1810 1552 1925 1592 cuius.

652 1609 954 1648 commentarios
976 1608 1190 1648 Hefiodeos
1215 1620 1336 1660 paene
1356 1617 1461 1646 totos
1482 1605 1550 1645 fibi
1572 1605 1806 1646 vindicavit:
1833 1606 1922 1645 audi

652 1660 844 1701 Plutarch.
861 1663 943 1714 περὶ
964 1662 1080 1702 Haud&
1097 1662 1181 1715 Ἀγ.
1199 1674 1284 1714 pag.
1304 1676 1349 1714 23
1370 1660 1419 1700 A.
1438 1655 1533 1698 οὕτω
1549 1658 1593 1699 Σὲ
1610 1661 1673 1698 καὶ
1687 1661 1752 1698 τὴν
1767 1659 1921 1700 ἐπαινὴν

654 1715 921 1766 Περσεφόνειαν
934 1715 1012 1756 ἔνιοι
1025 1716 1142 1766 φασιν
1155 1714 1201 1754 ὦς
1215 1714 1449 1766 παραιτητὴν
1460 1713 1634 1765 εἰρῆσθαι.
1649 1712 1820 1753 Marcell.
1836 1712 1924 1752 Em-

653 1768 725 1820 pir.
737 1782 769 1808 c.
783 1769 877 1814 XV,
889 1783 924 1822 p.
947 1784 961 1808 1
973 1784 988 1808 1
998 1785 1035 1816 2,
1048 1770 1076 1808 s1
1092 1782 1156 1816 os,
1179 1770 1334 1808 aliudve
1347 1768 1439 1821 quid
1455 1766 1615 1807 haeserit
1628 1765 1809 1806 faucibus
1819 1795 1829 1813 ,
1849 1766 1922 1807 hos

654 1821 790 1862 versus
811 1823 990 1863 dicendos
1011 1825 1051 1862 in
1069 1836 1200 1863 aurem
1226 1824 1333 1868 eius,
1358 1822 1423 1875 qui
1438 1820 1691 1868 offocabitur,
1716 1820 1920 1873 praecipit:

655 1873 716 1916 Μή
728 1890 791 1926 μοι
815 1877 989 1930 Γοργείην
1013 1877 1177 1926 κεφαλὴν
1198 1876 1326 1916 δεινοῖο
1344 1875 1509 1925 πελώρου
1522 1873 1718 1925 'emme
1731 1873 1923 1924 πέμψειεν

655 1929 789 1970 ἐπαινὴ
802 1932 1060 1983 Περσεφόνεια·
1080 1930 1165 1970 sunt
1180 1941 1305 1970 autem
1318 1930 1428 1982 plane
1442 1929 1652 1976 Homerici,
1672 1940 1758 1967 nam
1771 1938 1922 1980 praeter
1958 1954 1963 1959 ·
2009 1927 2012 1940 ²

651 1983 746 2022 alias
765 1985 875 2024 dotes
895 1984 1091 2024 rariffimas
1105 1984 1151 2024 ad
1170 1984 1466 2025 incantationem
1482 1983 1598 2022 etiam
1612 1983 1755 2033 poetae
1769 1981 1920 2021 numeri

655 2036 819 2078 mirifice
832 2039 1013 2079 valebant
1024 2069 1035 2084 ,
1050 2052 1097 2079 ex
1113 2038 1188 2077 Od.
1200 2043 1228 2077 Λ
1239 2067 1249 2084 ,
1267 2038 1356 2091 633.
1379 2037 1453 2076 hoc
1464 2035 1588 2076 solum
1602 2034 1797 2075 discrimen
1811 2035 1922 2086 inter-

655 2091 732 2140 est,
749 2093 854 2143 quod
869 2093 907 2131 in
923 2093 1030 2132 editis
1047 2105 1119 2146 pro
1138 2092 1267 2131 ἐπαινὴ
1284 2104 1388 2131 nunc
1403 2091 1549 2143 legatur
1565 2086 1712 2144 ἀγαυη·
1727 2101 1853 2141 neque
1865 2089 1922 2128 di-

656 2159 748 2187 cere
759 2145 903 2195 habeo,
930 2158 1058 2186 utrum
1080 2146 1169 2185 illud
1191 2156 1334 2186 temere
1348 2144 1393 2184 s1t
1412 2154 1624 2192 mutatum,
1646 2155 1693 2182 an
1713 2141 1855 2195 priscae
1868 2142 1922 2181 le-

656 2199 794 2240 &ionis
808 2198 919 2239 fidem
935 2199 1146 2247 conservet.
1164 2199 1267 2239 Idem
1280 2212 1355 2252 ego
1364 2199 1529 2240 verbum
1542 2197 1805 2251 reponendum
1820 2207 1922 2250 puto

659 2256 697 2294 in
717 2254 866 2305 Orphei
880 2254 992 2294 versu
1007 2254 1108 2307 apud
1125 2253 1290 2293 Diacon.
1309 2252 1433 2305 Alleg.
1444 2252 1596 2306 Theog7
1607 2249 1762 2290 Hesiodi
1776 2264 1813 2303 p.
1831 2249 1922 2299 268,

659 2307 984 2349 Eivosinvffiuo'wnv
998 2307 1132 2360 κλῄζω,
1143 2306 1315 2361 τριοὲῖτιν
1329 2306 1494 2346 ἷεπαινην·
1506 2306 1630 2358 vulgo
1647 2303 1818 2344 scribitur
1831 2304 1921 2352 ἐφα-

657 2364 731 2411 νῗιν,
745 2361 848 2416 quod
870 2362 1011 2402 nullius
1026 2362 1080 2402 est
1100 2362 1220 2414 pretii.
1239 2362 1402 2400 HEMST.
1420 2359 1549 2400 Exstat
1563 2357 1694 2399 versus
1704 2370 1726 2396 a
1737 2357 1919 2397 Diacono

658 2417 830 2468 prolatus
844 2416 882 2454 in
894 2416 1042 2469 Orphei
1057 2413 1166 2467 Εὗχῇ
1181 2429 1219 2455 ν.
1233 2428 1281 2464 45
1295 2445 1306 2462 ‚
1327 2415 1458 2466 ibique
1472 2414 1609 2465 legitur
1629 2409 1782 2462 ἐραννήν.
1808 2411 1920 2451 Prae-

658 2471 854 2512 ferendum
878 2470 1056 2517 arbitror,
1075 2469 1180 2523 quod
1200 2467 1352 2509 restitui.
1377 2468 1489 2507 IDEM
1512 2469 1548 2505 in
1567 2467 1754 2505 Addendis.

715 2526 788 2567 ead.
810 2526 833 2565 l.
859 2537 916 2567 11.
940 2523 1167 2579 Βαρβαρικδι)
1192 2523 1366 2564 Nomina.
1381 2552 1415 2565 ..
1437 2521 1510 2577 ipso
1527 2535 1634 2578 paene
1653 2520 1797 2560 timenda
1813 2517 1916 2574 [bana
