2015 3490
221 297 292 342 IN
310 297 439 342 PRO
458 296 655 344 LAPSU
674 298 871 345 INTER
889 297 1246 347 SALUTAND.
1302 317 1389 367 595

120 385 183 421 tali
196 385 442 420 construc'tione
455 386 613 431 sequatur
629 386 820 421 infinitivus
833 413 842 429 ,
862 396 958 422 tanto
972 388 1084 422 minus
1095 401 1232 434 quoque
1241 390 1396 423 dubitavi

123 431 299 474 vulgatum
309 425 440 462 δεῖσθαι
461 443 535 463 cum
548 431 614 464 Ms.
630 432 665 464 P.
677 433 711 464 in
726 427 838 465 δεῖσθε
857 442 996 466 mutare.
1012 432 1079 465 Etsi
1097 445 1165 466 non
1184 445 1269 479 nego
1282 461 1291 475 ‚
1308 436 1388 467 alibi

121 470 332 507 infinitivum
348 475 440 518 poffe
467 475 579 519 sequi,
595 485 633 508 ut
653 477 742 509 Dial.
761 476 828 520 seq.
844 476 951 509 statim
964 477 1041 511 init.
1052 473 1151 511 ‘'Oe-zi·
1167 497 1219 503 ---
1234 482 1395 520 τεκμήρα-

123 520 216 550 σθαι.
232 519 296 551 Sed
314 519 359 551 ibi
371 517 435 552 ἐπὶ
451 521 662 563 intelligitur,
678 521 767 564 quod
781 523 835 553 vel
857 521 1039 554 addendum
1053 523 1189 567 ambigit
1203 524 1365 566 Guyetus
1379 548 1392 562 ‚

124 561 181 594 hic
202 573 285 596 vero
308 564 419 596 minus
435 565 605 597 commode
619 564 788 596 subaudiri
803 565 922 608 posset.
939 567 1011 599 Ael.
1033 577 1170 610 quoque
1179 569 1223 599 V.
1239 568 1282 599 H.
1301 569 1313 599 1
1329 594 1337 609 ‚
1350 580 1392 608 4,

128 602 197 638 ’ὅσον
221 606 385 649 ἁρπάσαι,
403 619 440 640 ac
463 609 533 647 bis,
558 618 608 640 ter
633 609 713 640 alibi
737 621 811 641 cum
838 608 1033 648 infinitivo;
1055 622 1123 642 non
1142 619 1251 644 tamen
1268 612 1334 652 ita,
1355 619 1396 644 ut

126 661 202 683 cum
218 651 411 684 huiusmodi
425 663 515 684 nexu
533 653 725 685 concordet.
743 654 835 685 illam
853 663 963 687 autem
975 655 1030 686 τοῦ
1042 655 1166 694 μᾶλλον
1186 655 1391 689 omiffionem

122 694 278 728 fefellisse
290 697 390 729 video
406 697 627 729 Meibomium
642 698 680 728 ad
697 697 802 740 Epist.
817 699 909 730 Sent.
926 710 966 741 92
978 724 985 738 ,
1005 699 1087 731 illud
1106 699 1222 732 frustra
1239 701 1391 743 ingerere

125 740 321 778 volentem3
340 741 474 784 quando
495 741 601 784 Epist.
620 741 707 773 reste
725 742 790 780 ait,
805 738 865 783 iio-tp
880 741 976 778 τὶς-ἂν
997 742 1096 785 ἄφρων
1111 737 1139 782 ἶ,
1153 743 1285 784 τοσούτῳ
1298 749 1391 777 πλέεν

122 780 288 826 ὅξυβρὶζει.
313 785 376 818 Sed
387 809 395 823 ,
414 784 437 816 fi
450 784 604 828 eousque
619 787 761 828 opellam
774 785 914 818 nostram
930 784 1174 830 protrudendae
1185 789 1264 821 huic
1280 788 1396 821 Lucia-

127 829 165 859 ni
183 829 324 861 editioni
341 830 541 862 continuare
557 829 701 869 dabitur,
726 829 766 861 ad
786 828 922 862 fimilem
940 831 1039 863 nostri
1059 833 1286 872 locutionem,
1308 845 1395 876 quae

123 871 172 904 est
187 873 221 903 in
240 873 329 906 Gall.
348 878 376 905 c‘.
402 876 440 906 18
454 899 463 913 ,
481 870 542 915 ‘do-cp
558 868 588 905 d}
604 874 638 905 ἓν
658 871 803 916 ξενίζοιμι
815 898 824 912 ,
840 874 974 916 τοσούτῳ
997 876 1165 919 καινίτερος
1186 878 1265 917 <Spem
1282 876 1394 913 αὗτσῖς

123 915 250 950 ἔσεσθαι
262 942 270 955 ,
299 919 396 960 plura
410 916 522 949 forsan
537 918 699 951 dabimus.
725 917 817 951 Adde
833 918 986 951 Nostrum
1002 920 1016 952 Ῑ
1038 920 1129 953 Phal.
1154 933 1226 965 cap.
1243 933 1271 962 t,
1284 919 1344 953 ‘dm
1358 918 1392 955 δὲ

126 960 201 1004 ἱεροί
216 962 250 994 τέ
261 960 341 993 ἕστε.
356 963 490 994 REITz.
1330 957 1334 964 ⁸

170 1008 239 1038 ead.
255 1007 281 1038 l·
293 1008 325 1046 3.
336 1006 469 1049 Ἀλλᾶ)
484 1005 549 1038 Καὶ
564 1003 591 1038 ἐι·
612 1007 658 1048 τῷ.
677 1006 734 1039 rai,
751 1005 876 1039 ἕΥΤῠλῖἷν
890 1004 1010 1048 βιβλίῳ
1034 1007 1097 1041 ἃς.
1114 1008 1158 1041 Et
1178 1012 1210 1041 in
1227 1012 1395 1043 mandato-

125 1062 191 1084 rum
205 1050 326 1083 Libello.
344 1050 514 1082 MAch„

174 1096 243 1128 ead.
259 1097 283 1128 l.
297 1093 392 1126 6313„
400 1095 507 1138 κλεῖν)
521 1095 572 1126 De
592 1095 747 1125 mandatis
758 1094 946 1138 principum
961 1121 970 1135 ‚
987 1096 1077 1139 quod
1090 1098 1262 1141 proprium
1278 1098 1395 1130 harum

126 1137 252 1171 ἔντολὲῖν
266 1150 387 1171 nomen
405 1138 469 1177 est,
484 1136 666 1181 plenissime
687 1139 755 1181 egit
769 1137 907 1171 Briss‘on.
928 1140 968 1173 de
980 1140 1078 1173 form.
1095 1153 1124 1185 3,
1139 1144 1198 1182 845
1211 1143 1270 1175 ubi
1284 1152 1395 1186 neque

125 1183 218 1217 hunc
231 1184 344 1215 locum
357 1181 587 1226 praetermisit.
604 1182 719 1214 GESN.

170 1229 239 1260 ead.
255 1229 280 1261 l.
306 1230 338 1261 8.
360 1228 511 1271 Πρᾶ-τιν)
528 1226 700 1267 Quaenam
721 1238 758 1258 ea
775 1225 916 1260 formula
933 1227 1036 1261 fuerit
1049 1253 1057 1267 ,
1075 1239 1172 1272 quam
1188 1228 1242 1262 hic
1266 1229 1398 1273 tangit,

126 1271 254 1306 nescio.
272 1273 310 1305 In
326 1270 393 1304 fine
406 1271 617 1314 epistolarum
630 1271 762 1313 quidem
781 1270 973 1314 frequenter
992 1274 1196 1305 valetudinem
1221 1286 1321 1306 curare
1336 1285 1392 1305 iu-

75 1334 77 1337 <
129 1318 272 1355 bebant3
289 1316 369 1348 vide
382 1317 482 1349 etiam
496 1316 742 1358 imperatoriam
756 1314 926 1357 epistolam
940 1317 1027 1360 apud
1041 1317 1271 1350 Philostratum
1285 1318 1319 1349 in
1327 1318 1396 1350 He-

126 1361 208 1394 rode
219 1386 228 1400 ,
244 1373 278 1404 p.
297 1361 356 1401 562
369 1387 378 1401 ,
394 1361 428 1392 in
443 1372 507 1403 qua
525 1360 606 1391 haec
619 1360 721 1392 verba
736 1361 911 1402 leguntur:
925 1361 956 1391 σὲ
980 1356 1011 1392 δὲ
1029 1360 1179 1402 ὑγιαίνειν
1196 1376 1229 1393 τε
1245 1363 1398 1403 εὔχομαι.

127 1406 192 1438 Sed
207 1417 315 1449 neque
327 1404 392 1437 hoc
406 1404 609 1448 principium
621 1403 778 1446 epistolae
790 1429 798 1443 ,
817 1415 924 1448 neque
943 1405 1079 1438 omnino
1096 1406 1237 1446 formula
1255 1407 1310 1438 hic
1327 1406 1371 1438 est
1382 1431 1394 1447 ‚

125 1460 203 1482 cum
222 1450 262 1482 de
279 1450 473 1482 valetudine
489 1450 523 1480 in
542 1448 817 1481 antecedentibus
841 1448 947 1481 sermo
966 1449 1081 1483 fuerit.
1105 1450 1156 1482 Ab
1179 1450 1397 1483 eruditissimo

129 1493 283 1529 Graevio
294 1519 302 1533 ‚
316 1505 384 1538 quo
399 1505 496 1526 nemo
512 1494 627 1524 harum
645 1504 753 1525 rerum
771 1493 922 1535 peritior,
936 1493 1013 1525 dum
1032 1495 1066 1525 in
1084 1495 1177 1526 vivis
1197 1503 1268 1527 erat
1279 1520 1287 1534 ,
1300 1495 1393 1527 hunc

125 1539 240 1572 locum
251 1539 350 1571 doleo
371 1550 440 1570 non
459 1536 557 1570 fuiffe
577 1536 786 1569 illustratum.
800 1537 907 1570 Aliam
922 1549 1058 1581 eamque
1077 1538 1207 1570 solitam
1219 1539 1394 1572 formulam

130 1583 210 1616 vide
225 1583 314 1626 apud
324 1583 490 1625 xiphilin.
515 1584 549 1615 in
563 1581 708 1613 Adriano
723 1582 786 1621 264
804 1583 844 1613 A.
865 1582 898 1614 ὃ(
910 1582 1087 1615 sexcentos
1109 1584 1212 1616 alios:
1235 1582 1271 1614 Si
1289 1586 1375 1614 vales
1386 1608 1396 1623 ,

126 1628 198 1663 bene
212 1628 253 1668 est
263 1628 326 1660 ὅτε.
342 1628 381 1659 ad
397 1638 495 1670 quam
510 1624 688 1669 respexisse
702 1626 884 1658 Lucianum
903 1627 1013 1659 credo.
1029 1628 1165 1659 SOLAN.

168 1671 243 1705 ibid.
255 1671 505 1714 Πιραὶγγελμα)
517 1668 652 1710 ζΥγειόις
671 1669 723 1704 τῖς
738 1669 884 1712 ὑμετέρας
896 1669 996 1703 αξη-ἄν
1012 1669 1246 1712 ἐπιμελεῖσθαι.
1263 1671 1398 1703 Formu-

126 1717 161 1751 la
173 1716 228 1749 illa
242 1716 320 1756 fuit,
332 1716 548 1748 Valetudinem
561 1726 646 1746 tuam
660 1727 730 1746 cura
746 1717 915 1757 diligenter,
932 1724 992 1748 aut
1002 1740 1012 1752 ‚
1028 1717 1067 1747 da
1081 1728 1211 1758 operam,
1228 1727 1260 1747 ut
1274 1718 1395 1754 valeas,

131 1769 209 1798 aut,
218 1761 277 1804 fac
287 1786 298 1798 ,
313 1772 347 1793 ut
363 1762 568 1792 valetudinem
584 1771 679 1792 cures.
697 1759 792 1801 Quae
805 1759 948 1792 formula
961 1760 994 1791 in
1009 1761 1058 1791 M.
1071 1761 1178 1793 Tullii
1196 1760 1342 1803 epistolis
1355 1760 1395 1793 ad

128 1806 320 1839 Terentiam
341 1816 493 1838 uxorem.
517 1804 579 1837 Sed
604 1804 680 1836 illae
701 1803 736 1835 in
752 1802 900 1846 epistolis
920 1805 1097 1843 extremis,
1115 1805 1148 1836 in
1164 1805 1393 1837 mandatorum

129 1861 214 1882 veto
228 1850 351 1883 libellis
366 1849 494 1892 primis.
507 1847 655 1881 Ἐντολῖν
666 1859 750 1880 vero
763 1846 887 1885 βιβλίον
903 1847 968 1881 effe
981 1849 1208 1881 mandatorum
1223 1850 1372 1881 libellum
1383 1874 1394 1890 ,

132 1905 262 1938 querna
277 1895 431 1937 principe
451 1893 660 1936 accipiebant
672 1891 833 1936 praesides
849 1892 881 1924 &
892 1892 1034 1936 procoss.
1054 1893 1220 1929 ὃεέγτελὲς
1234 1894 1388 1930 βασιλέων

133 1937 200 1973 effe
209 1939 360 1971 mandata
371 1939 560 1980 principum
571 1962 579 1977 ,
594 1946 688 1980 patet
699 1938 822 1969 Dionis
834 1937 920 1969 libro
933 1937 1018 1969 L111.
1035 1937 1203 1971 Maraeu.

175 1985 243 2016 ead.
265 1984 289 2016 l.
303 1994 336 2026 9.
353 1982 458 2014 Μάλα
474 1979 598 2016 εἰκότως
610 1982 623 2025 )
635 1983 688 2014 Sic
701 1982 796 2014 editt.
812 1982 903 2025 quod
917 1981 1070 2014 servavi:
1086 1995 1159 2015 nam
1170 1981 1393 2025 apostrophus

128 2027 258 2061 centies
272 2027 472 2071 negligitur3
488 2026 557 2059 vid.
568 2026 668 2069 supra
689 2027 723 2058 in
736 2025 836 2070 Apol.
847 2038 909 2070 pro
921 2027 1067 2060 Merced.
1083 2038 1111 2060 c.
1126 2039 1138 2059 1
1148 2039 1177 2068 1,
1193 2026 1244 2059 ὑπ’
1255 2026 1397 2069 ἀπορίας,

131 2072 168 2105 ἃ
181 2071 239 2105 ὑπὸ
250 2071 390 2114 simpiac-
407 2071 539 2104 REITZ.

173 2118 241 2149 ead.
254 2118 278 2148 l.
296 2127 346 2159 13.
358 2115 416 2156 T&
428 2115 479 2150 τ’)ἷς
495 2115 606 2157 ὑγείας
620 2113 660 2147 ὃν.
673 2121 746 2148 πολ.
760 2113 871 2155 ἆμείβ.
883 2116 897 2160 )
910 2115 1063 2147 formula
1083 2114 1127 2148 est
1137 2141 1145 2154 ‚
1169 2126 1203 2147 ut
1220 2116 1332 2148 vales?
1350 2126 1390 2149 ut

130 2160 242 2193 Plauti
256 2161 342 2193 Rud.
357 2161 409 2193 Sc.
424 2171 478 2203 29.
493 2161 664 2193 MAch..
678 2159 828 2202 Respicit
838 2160 893 2193 hic
905 2162 1059 2203 vulgares
1071 2159 1297 2192 Romanorum
1308 2160 1396 2192 salu-

129 2205 222 2237 tandi
234 2204 413 2242 formulas,
435 2205 523 2248 apud
540 2216 626 2248 quos
649 2214 758 2237 tamen
770 2204 859 2236 haud
878 2214 1000 2237 temere
1015 2205 1096 2236 illud
1115 2206 1182 2235 vale
1196 2205 1229 2235 in
1247 2204 1392 2237 occursu.

130 2248 328 2292 usurpatum
340 2250 507 2282 invenies.
526 2250 652 2281 Notum
665 2275 673 2289 ,
688 2248 783 2280 Salve
804 2250 925 2294 Caesar.
942 2247 1020 2280 Vale
1034 2247 1134 2281 Fulvi.
1157 2248 1246 2282 Plut.
1260 2260 1324 2291 902
1338 2274 1347 2289 ,
1362 2261 1396 2281 1.

129 2292 234 2336 Xiph.
250 2293 387 2326 Adrian.
401 2294 462 2336 269
474 2295 517 2326 D.
534 2294 599 2326 oiirr
616 2306 655 2334 γε
666 2294 713 2335 τῷ
726 2293 835 2335 {witz-'Ji
849 2293 1038 2335 πρισριῖματι
1055 2294 1100 2334 τᾷἷ
1113 2291 1208 2335 χαῖρε
1220 2318 1227 2331 ,
1243 2293 1330 2332 ἀλλὰ
1344 2295 1392 2335 rc?

132 2336 276 2379 ἑσπερινᾷί
288 2339 332 2379 τῷ
346 2335 470 2377 ὑγίαινε
483 2338 681 2380 χρησάμενας.
694 2338 785 2370 Adde
797 2337 922 2370 Muret-
935 2350 1005 2370 var.
1021 2338 1124 2370 Leftt.
1135 2338 1194 2376 Xl,
1206 2349 1237 2370 2.
1248 2338 1389 2370 SOLAN.

175 2384 244 2415 ead.
258 2384 283 2414 l.
296 2393 348 2422 14.
359 2381 421 2415 Ἐκ
431 2382 592 2426 minius)
609 2384 663 2415 Sic
676 2382 761 2414 infra
774 2382 907 2424 Philop.
925 2393 995 2425 cap.
1011 2394 1021 2413 1
1031 2407 1038 2420 ,
1050 2384 1085 2415 ἐκ
1098 2380 1236 2424 mmm
1254 2382 1395 2414 συγίεπκ·

133 2438 202 2461 καις.
216 2427 257 2458 Et
269 2425 311 2458 fic
321 2425 358 2460 ἐκ
373 2425 470 2469 saepe
485 2427 573 2466 apud
584 2428 667 2460 alios
682 2438 742 2467 pro
757 2428 905 2459 ablativo
920 2426 1035 2458 causae
1046 2452 1054 2465 ,
1070 2425 1103 2458 ὅ(
1118 2426 1318 2469 pleonastice
1329 2452 1336 2464 ,
1354 2436 1393 2459 ut

131 2470 314 2502 Herodian.
332 2471 363 2512 1,
378 2483 398 2510 4
409 2495 416 2509 ‚
431 2482 483 2506 21.
494 2471 554 2504 Ἐκ
564 2473 642 2511 mir
654 2472 763 2510 φωνῖῖς.
780 2470 897 2504 Noster
912 2471 1042 2513 Catapl.
1063 2482 1134 2513 cap.
1149 2482 1181 2502 11
1199 2472 1282 2503 med.
1304 2470 1339 2504 ἐκ
1350 2483 1398 2502 τι·

131 2514 174 2549 γὶις
189 2510 304 2550 αι’τίας.
319 2515 392 2547 Ael·
403 2517 448 2548 V.
463 2516 506 2547 H.
520 2517 585 2555 111,
599 2527 618 2556 9
629 2541 637 2554 ‚
653 2515 687 2557 ἔξ
696 2508 813 2557 ἏΑρειις
824 2535 852 2541 --
867 2514 900 2557 ἐξ
910 2515 1012 2558 ἔρωτος
1023 2528 1168 2554 patrer-ra.
1189 2516 1260 2548 Cic.
1277 2516 1315 2547 ad
1331 2517 1394 2548 At·

130 2559 189 2594 tic·
200 2559 246 2590 Vl
260 2584 267 2598 ,
283 2569 308 2598 1,
325 2557 358 2602 ἐξ
371 2558 688 2602 ἐφαιρέσεωςβιηανε.
704 2561 836 2592 REITZ.

172 2605 243 2640 ead.
255 2604 282 2640 l.
295 2614 307 2637 1
318 2613 346 2646 ς,
359 2603 548 2650 <Υγικὲγειν)
564 2605 610 2638 Ut
623 2603 789 2650 Augustus
801 2628 809 2644 ‚
825 2603 910 2649 apud
925 2601 1138 2687 Plutarlghum
1160 2600 1224 2645 περὶ
1242 2601 1394 2645 damry„

1076 2660 1100 2700 p
1131 2660 1152 2686 2
