<?xml version="1.0" encoding="UTF-8"?>
<!DOCTYPE html PUBLIC "-//W3C//DTD XHTML 1.0 Transitional//EN"
    "http://www.w3.org/TR/xhtml1/DTD/xhtml1-transitional.dtd">
<html xmlns="http://www.w3.org/1999/xhtml" xml:lang="en" lang="en">
 <head>
  <title>
</title>
<meta http-equiv="Content-Type" content="text/html;charset=utf-8" />
  <meta name='ocr-system' content='tesseract 3.04.00' />
  <meta name='ocr-capabilities' content='ocr_page ocr_carea ocr_par ocr_line ocrx_word'/>
</head>
<body>
  <div class='ocr_page' id='page_1' title='image "./operagraecaetlat03luciuoft/operagraecaetlat03luciuoft_0556.png"; bbox 0 0 2015 3490; ppageno 0'>
   <div class='ocr_carea' id='block_1_1' title="bbox 635 214 1698 322">
    <p class='ocr_par' dir='ltr' id='par_1_1' title="bbox 635 214 1698 322">
     <span class='ocr_line' id='line_1_1' title="bbox 635 214 1698 322; baseline -0.004 -19"><span class='ocrx_word' id='word_1_1' title='bbox 635 255 723 320; x_wconf 78' lang='lat'>548</span> <span class='ocrx_word' id='word_1_2' title='bbox 829 214 1698 322; x_wconf 47' lang='lat' dir='ltr'>ANNo‘TATIoNEs</span> 
     </span>
    </p>
   </div>
   <div class='ocr_carea' id='block_1_2' title="bbox 629 339 1955 1460">
    <p class='ocr_par' dir='ltr' id='par_1_2' title="bbox 629 339 1898 542">
     <span class='ocr_line' id='line_1_2' title="bbox 630 339 1898 394; baseline 0.001 -11"><span class='ocrx_word' id='word_1_3' title='bbox 630 345 768 384; x_wconf 71' lang='lat' dir='ltr'>Bnon.</span> <span class='ocrx_word' id='word_1_4' title='bbox 783 341 953 394; x_wconf 79' lang='lat' dir='ltr'>Explicat</span> <span class='ocrx_word' id='word_1_5' title='bbox 967 340 1061 379; x_wconf 85' lang='lat' dir='ltr'>haec</span> <span class='ocrx_word' id='word_1_6' title='bbox 1077 339 1198 379; x_wconf 83' lang='lat' dir='ltr'>verba</span> <span class='ocrx_word' id='word_1_7' title='bbox 1210 339 1303 379; x_wconf 89' lang='lat' dir='ltr'>lens.</span> <span class='ocrx_word' id='word_1_8' title='bbox 1317 339 1437 379; x_wconf 67' lang='lat' dir='ltr'>Leffl.</span> <span class='ocrx_word' id='word_1_9' title='bbox 1450 340 1541 381; x_wconf 91' lang='lat' dir='ltr'>Luc.</span> <span class='ocrx_word' id='word_1_10' title='bbox 1556 353 1592 394; x_wconf 88' lang='lat' dir='ltr'>p.</span> <span class='ocrx_word' id='word_1_11' title='bbox 1611 355 1625 380; x_wconf 92' lang='lat'>1</span> <span class='ocrx_word' id='word_1_12' title='bbox 1640 354 1680 394; x_wconf 83' lang='lat'>¹3</span> <span class='ocrx_word' id='word_1_13' title='bbox 1693 356 1706 390; x_wconf 83' lang='lat'>3</span> <span class='ocrx_word' id='word_1_14' title='bbox 1721 342 1795 382; x_wconf 84' lang='lat' dir='ltr'>vid.</span> <span class='ocrx_word' id='word_1_15' title='bbox 1811 342 1898 384; x_wconf 63' lang='lat' dir='ltr'>‘eius</span> 
     </span>
     <span class='ocr_line' id='line_1_3' title="bbox 632 392 1892 446; baseline 0.002 -11"><span class='ocrx_word' id='word_1_16' title='bbox 632 407 764 435; x_wconf 87' lang='lat' dir='ltr'>notam</span> <span class='ocrx_word' id='word_1_17' title='bbox 781 395 827 434; x_wconf 88' lang='lat' dir='ltr'>ad</span> <span class='ocrx_word' id='word_1_18' title='bbox 846 394 946 433; x_wconf 84' lang='lat' dir='ltr'>Dial.</span> <span class='ocrx_word' id='word_1_19' title='bbox 967 404 1082 432; x_wconf 85' lang='lat' dir='ltr'>mort.</span> <span class='ocrx_word' id='word_1_20' title='bbox 1107 393 1161 431; x_wconf 88' lang='lat' dir='ltr'>XI</span> <span class='ocrx_word' id='word_1_21' title='bbox 1172 422 1186 439; x_wconf 89' lang='lat'><em>,</em></span> <span class='ocrx_word' id='word_1_22' title='bbox 1203 392 1218 442; x_wconf 86' lang='lat'>§</span> <span class='ocrx_word' id='word_1_23' title='bbox 1233 409 1280 441; x_wconf 85' lang='lat'>4,</span> <span class='ocrx_word' id='word_1_24' title='bbox 1298 394 1343 432; x_wconf 88' lang='lat' dir='ltr'>ad</span> <span class='ocrx_word' id='word_1_25' title='bbox 1361 395 1482 433; x_wconf 84' lang='lat' dir='ltr'>verba</span> <span class='ocrx_word' id='word_1_26' title='bbox 1493 424 1504 443; x_wconf 89' lang='lat'><strong><em>,</em></strong></span> <span class='ocrx_word' id='word_1_27' title='bbox 1520 395 1556 432; x_wconf 79' lang='grc' dir='ltr'>ἐς</span> <span class='ocrx_word' id='word_1_28' title='bbox 1568 396 1611 433; x_wconf 67' lang='grc' dir='ltr'>τὸ</span> <span class='ocrx_word' id='word_1_29' title='bbox 1628 397 1778 446; x_wconf 73' lang='grc' dir='ltr'><strong><em>χρυσίον</em></strong></span> <span class='ocrx_word' id='word_1_30' title='bbox 1793 399 1892 437; x_wconf 77' lang='grc' dir='ltr'>πάιν-</span> 
     </span>
     <span class='ocr_line' id='line_1_4' title="bbox 629 445 1894 500; baseline 0.001 -12"><span class='ocrx_word' id='word_1_31' title='bbox 629 463 694 488; x_wconf 75' lang='grc' dir='ltr'>τες</span> <span class='ocrx_word' id='word_1_32' title='bbox 708 449 878 494; x_wconf 70' lang='grc' dir='ltr'>ἔβλεπον,</span> <span class='ocrx_word' id='word_1_33' title='bbox 891 448 956 486; x_wconf 89' lang='lat' dir='ltr'>ubi</span> <span class='ocrx_word' id='word_1_34' title='bbox 971 445 1172 486; x_wconf 79' lang='lat' dir='ltr'>insertione</span> <span class='ocrx_word' id='word_1_35' title='bbox 1185 446 1473 500; x_wconf 75' lang='lat' dir='ltr'>praepositionis</span> <span class='ocrx_word' id='word_1_36' title='bbox 1486 447 1579 486; x_wconf 85' lang='lat' dir='ltr'>nihil</span> <span class='ocrx_word' id='word_1_37' title='bbox 1590 461 1690 500; x_wconf 87' lang='lat' dir='ltr'>opus</span> <span class='ocrx_word' id='word_1_38' title='bbox 1699 448 1785 497; x_wconf 81' lang='lat' dir='ltr'>effe,</span> <span class='ocrx_word' id='word_1_39' title='bbox 1799 462 1894 489; x_wconf 89' lang='lat' dir='ltr'>con-</span> 
     </span>
     <span class='ocr_line' id='line_1_5' title="bbox 631 499 1260 542; baseline -0.003 -2"><span class='ocrx_word' id='word_1_40' title='bbox 631 513 688 541; x_wconf 82' lang='lat' dir='ltr'>tra</span> <span class='ocrx_word' id='word_1_41' title='bbox 702 503 916 542; x_wconf 85' lang='lat' dir='ltr'>Brodaeum</span> <span class='ocrx_word' id='word_1_42' title='bbox 931 500 1103 540; x_wconf 86' lang='lat' dir='ltr'>ostendit.</span> <span class='ocrx_word' id='word_1_43' title='bbox 1117 499 1260 538; x_wconf 65' lang='lat' dir='ltr'>Rm&#39;rz.</span> 
     </span>
    </p>

    <p class='ocr_par' dir='ltr' id='par_1_3' title="bbox 629 552 1955 1395">
     <span class='ocr_line' id='line_1_6' title="bbox 686 552 1887 608; baseline 0.002 -15"><span class='ocrx_word' id='word_1_44' title='bbox 686 557 775 608; x_wconf 84' lang='lat' dir='ltr'><em>Pag.</em></span> <span class='ocrx_word' id='word_1_45' title='bbox 799 568 887 607; x_wconf 82' lang='lat'>253.</span> <span class='ocrx_word' id='word_1_46' title='bbox 902 555 925 593; x_wconf 91' lang='lat' dir='ltr'>l.</span> <span class='ocrx_word' id='word_1_47' title='bbox 950 568 980 592; x_wconf 91' lang='lat'>1.</span> <span class='ocrx_word' id='word_1_48' title='bbox 1000 555 1208 605; x_wconf 68' lang='grc' dir='ltr'>Διαπείρας</span> <span class='ocrx_word' id='word_1_49' title='bbox 1227 552 1279 601; x_wconf 69' lang='grc' dir='ltr'>τῷ</span> <span class='ocrx_word' id='word_1_50' title='bbox 1299 553 1411 602; x_wconf 69' lang='grc' dir='ltr'><strong><em>ὀϊστῷ</em></strong></span> <span class='ocrx_word' id='word_1_51' title='bbox 1422 552 1438 605; x_wconf 87' lang='grc'>)</span> <span class='ocrx_word' id='word_1_52' title='bbox 1459 552 1586 593; x_wconf 86' lang='lat' dir='ltr'>Placet</span> <span class='ocrx_word' id='word_1_53' title='bbox 1600 553 1781 605; x_wconf 60' lang='lat' dir='ltr'>scotoree&#39;pee</span> <span class='ocrx_word' id='word_1_54' title='bbox 1798 568 1833 594; x_wconf 79' lang='grc' dir='ltr'>τ.</span> <span class='ocrx_word' id='word_1_55' title='bbox 1858 557 1887 595; x_wconf 78' lang='grc' dir='ltr'>ὂ.</span> 
     </span>
     <span class='ocr_line' id='line_1_7' title="bbox 632 606 1895 659; baseline -0.001 -11"><span class='ocrx_word' id='word_1_56' title='bbox 632 609 770 648; x_wconf 89' lang='lat' dir='ltr'><strong>BROD.</strong></span> <span class='ocrx_word' id='word_1_57' title='bbox 787 607 989 658; x_wconf 66' lang='grc' dir='ltr'>Διαπεῖρόιι</span> <span class='ocrx_word' id='word_1_58' title='bbox 1005 606 1049 644; x_wconf 71' lang='grc' dir='ltr'>ἂν</span> <span class='ocrx_word' id='word_1_59' title='bbox 1063 621 1097 645; x_wconf 81' lang='grc' dir='ltr'>τ.</span> <span class='ocrx_word' id='word_1_60' title='bbox 1117 607 1142 644; x_wconf 78' lang='grc' dir='ltr'>ό.</span> <span class='ocrx_word' id='word_1_61' title='bbox 1157 606 1286 658; x_wconf 84' lang='lat' dir='ltr'>Atque</span> <span class='ocrx_word' id='word_1_62' title='bbox 1301 606 1365 645; x_wconf 91' lang='lat' dir='ltr'>hic</span> <span class='ocrx_word' id='word_1_63' title='bbox 1387 606 1560 653; x_wconf 53' lang='grc' dir='ltr'>κίνδυνος,</span> <span class='ocrx_word' id='word_1_64' title='bbox 1573 608 1618 646; x_wconf 91' lang='lat' dir='ltr'>de</span> <span class='ocrx_word' id='word_1_65' title='bbox 1639 620 1722 659; x_wconf 86' lang='lat' dir='ltr'>quo</span> <span class='ocrx_word' id='word_1_66' title='bbox 1740 618 1828 647; x_wconf 88' lang='lat' dir='ltr'>ante</span> <span class='ocrx_word' id='word_1_67' title='bbox 1839 609 1895 647; x_wconf 89' lang='lat' dir='ltr'>di-</span> 
     </span>
     <span class='ocr_line' id='line_1_8' title="bbox 631 659 1896 712; baseline 0.001 -12"><span class='ocrx_word' id='word_1_68' title='bbox 631 664 696 700; x_wconf 88' lang='lat' dir='ltr'>xit.</span> <span class='ocrx_word' id='word_1_69' title='bbox 715 663 902 701; x_wconf 76' lang='lat' dir='ltr'>MAchL.</span> <span class='ocrx_word' id='word_1_70' title='bbox 915 660 976 699; x_wconf 90' lang='lat' dir='ltr'>De</span> <span class='ocrx_word' id='word_1_71' title='bbox 986 660 1063 699; x_wconf 87' lang='lat' dir='ltr'>hoc</span> <span class='ocrx_word' id='word_1_72' title='bbox 1071 659 1264 698; x_wconf 81' lang='lat' dir='ltr'>Persarum</span> <span class='ocrx_word' id='word_1_73' title='bbox 1274 671 1382 698; x_wconf 84' lang='lat' dir='ltr'>more</span> <span class='ocrx_word' id='word_1_74' title='bbox 1394 661 1602 710; x_wconf 84' lang='lat' dir='ltr'>tyrannico</span> <span class='ocrx_word' id='word_1_75' title='bbox 1613 659 1764 712; x_wconf 86' lang='lat' dir='ltr'>prorsus</span> <span class='ocrx_word' id='word_1_76' title='bbox 1774 661 1811 700; x_wconf 86' lang='lat'>&amp;</span> <span class='ocrx_word' id='word_1_77' title='bbox 1828 662 1896 701; x_wconf 88' lang='lat' dir='ltr'>mi·</span> 
     </span>
     <span class='ocr_line' id='line_1_9' title="bbox 631 712 1897 766; baseline 0 -12"><span class='ocrx_word' id='word_1_78' title='bbox 631 716 733 755; x_wconf 89' lang='lat' dir='ltr'>nime</span> <span class='ocrx_word' id='word_1_79' title='bbox 752 713 972 764; x_wconf 67' lang='grc' dir='ltr'><strong><em>συμποτικῷ</em></strong></span> <span class='ocrx_word' id='word_1_80' title='bbox 989 713 1079 751; x_wconf 83' lang='lat' dir='ltr'>nihil</span> <span class='ocrx_word' id='word_1_81' title='bbox 1099 713 1253 751; x_wconf 85' lang='lat' dir='ltr'>memini</span> <span class='ocrx_word' id='word_1_82' title='bbox 1265 725 1325 751; x_wconf 89' lang='lat' dir='ltr'>me</span> <span class='ocrx_word' id='word_1_83' title='bbox 1344 712 1468 764; x_wconf 75' lang='lat' dir='ltr'>legisse</span> <span class='ocrx_word' id='word_1_84' title='bbox 1479 728 1494 761; x_wconf 83' lang='lat'>·,</span> <span class='ocrx_word' id='word_1_85' title='bbox 1507 714 1546 752; x_wconf 76' lang='grc' dir='ltr'>δι</span> <span class='ocrx_word' id='word_1_86' title='bbox 1557 715 1643 766; x_wconf 87' lang='lat' dir='ltr'>quis</span> <span class='ocrx_word' id='word_1_87' title='bbox 1654 715 1795 760; x_wconf 85' lang='lat' dir='ltr'>credat,</span> <span class='ocrx_word' id='word_1_88' title='bbox 1809 714 1897 754; x_wconf 79' lang='lat' dir='ltr'>Per·</span> 
     </span>
     <span class='ocr_line' id='line_1_10' title="bbox 629 765 1896 820; baseline -0.001 -12"><span class='ocrx_word' id='word_1_89' title='bbox 629 768 755 808; x_wconf 79' lang='lat' dir='ltr'>sarum</span> <span class='ocrx_word' id='word_1_90' title='bbox 776 779 883 820; x_wconf 79' lang='lat' dir='ltr'>reges</span> <span class='ocrx_word' id='word_1_91' title='bbox 897 767 958 805; x_wconf 90' lang='lat' dir='ltr'>vel</span> <span class='ocrx_word' id='word_1_92' title='bbox 978 779 1154 820; x_wconf 78' lang='lat' dir='ltr'>proceres</span> <span class='ocrx_word' id='word_1_93' title='bbox 1173 765 1336 805; x_wconf 81' lang='lat' dir='ltr'>voluiffe</span> <span class='ocrx_word' id='word_1_94' title='bbox 1348 765 1410 805; x_wconf 80' lang='lat' dir='ltr'>sua</span> <span class='ocrx_word' id='word_1_95' title='bbox 1424 767 1612 813; x_wconf 77' lang='lat' dir='ltr'>convivia</span> <span class='ocrx_word' id='word_1_96' title='bbox 1630 767 1810 819; x_wconf 83' lang='lat' dir='ltr'>sanguine</span> <span class='ocrx_word' id='word_1_97' title='bbox 1822 768 1896 807; x_wconf 84' lang='lat' dir='ltr'>hu-</span> 
     </span>
     <span class='ocr_line' id='line_1_11' title="bbox 632 819 1955 875; baseline 0 -14"><span class='ocrx_word' id='word_1_98' title='bbox 632 835 748 861; x_wconf 83' lang='lat' dir='ltr'>mano</span> <span class='ocrx_word' id='word_1_99' title='bbox 764 821 902 875; x_wconf 90' lang='lat' dir='ltr'>pollui,</span> <span class='ocrx_word' id='word_1_100' title='bbox 926 820 966 859; x_wconf 76' lang='grc' dir='ltr'>δι</span> <span class='ocrx_word' id='word_1_101' title='bbox 987 819 1183 859; x_wconf 87' lang='lat' dir='ltr'>funeribus</span> <span class='ocrx_word' id='word_1_102' title='bbox 1199 820 1407 871; x_wconf 89' lang='lat' dir='ltr'>inquinari,</span> <span class='ocrx_word' id='word_1_103' title='bbox 1422 819 1463 858; x_wconf 89' lang='lat'>&amp;</span> <span class='ocrx_word' id='word_1_104' title='bbox 1482 832 1635 860; x_wconf 89' lang='lat' dir='ltr'>omnem</span> <span class='ocrx_word' id='word_1_105' title='bbox 1655 821 1895 862; x_wconf 72' lang='lat' dir='ltr'>convivandi</span> <span class='ocrx_word' id='word_1_106' title='bbox 1951 871 1955 873; x_wconf 65' lang='lat'>‚</span> 
     </span>
     <span class='ocr_line' id='line_1_12' title="bbox 630 873 1895 925; baseline 0.001 -11"><span class='ocrx_word' id='word_1_107' title='bbox 630 876 820 914; x_wconf 81' lang='lat' dir='ltr'>licentiam</span> <span class='ocrx_word' id='word_1_108' title='bbox 833 873 1018 925; x_wconf 83' lang='lat' dir='ltr'>exstingui</span> <span class='ocrx_word' id='word_1_109' title='bbox 1035 875 1167 912; x_wconf 87' lang='lat' dir='ltr'>mortis</span> <span class='ocrx_word' id='word_1_110' title='bbox 1186 873 1418 925; x_wconf 78' lang='lat' dir='ltr'>cogitatione</span> <span class='ocrx_word' id='word_1_111' title='bbox 1431 873 1470 912; x_wconf 75' lang='grc' dir='ltr'>δι</span> <span class='ocrx_word' id='word_1_112' title='bbox 1494 873 1625 913; x_wconf 83' lang='lat' dir='ltr'>metu?</span> <span class='ocrx_word' id='word_1_113' title='bbox 1644 874 1686 913; x_wconf 93' lang='lat' dir='ltr'>Id</span> <span class='ocrx_word' id='word_1_114' title='bbox 1704 884 1807 913; x_wconf 89' lang='lat' dir='ltr'>certe</span> <span class='ocrx_word' id='word_1_115' title='bbox 1822 887 1895 915; x_wconf 78' lang='lat' dir='ltr'>nec</span> 
     </span>
     <span class='ocr_line' id='line_1_13' title="bbox 631 925 1896 980; baseline 0 -12"><span class='ocrx_word' id='word_1_116' title='bbox 631 929 768 976; x_wconf 83' lang='lat' dir='ltr'>credo,</span> <span class='ocrx_word' id='word_1_117' title='bbox 783 940 852 968; x_wconf 88' lang='lat' dir='ltr'>nec</span> <span class='ocrx_word' id='word_1_118' title='bbox 869 927 1045 966; x_wconf 81' lang='lat' dir='ltr'>credibile</span> <span class='ocrx_word' id='word_1_119' title='bbox 1065 926 1129 965; x_wconf 84' lang='lat' dir='ltr'>est.</span> <span class='ocrx_word' id='word_1_120' title='bbox 1149 927 1240 966; x_wconf 91' lang='lat' dir='ltr'>Ideo</span> <span class='ocrx_word' id='word_1_121' title='bbox 1259 927 1467 978; x_wconf 81' lang='lat' dir='ltr'>allegorico</span> <span class='ocrx_word' id='word_1_122' title='bbox 1479 925 1583 966; x_wconf 88' lang='lat' dir='ltr'>sensu</span> <span class='ocrx_word' id='word_1_123' title='bbox 1606 927 1716 967; x_wconf 90' lang='lat' dir='ltr'>debet</span> <span class='ocrx_word' id='word_1_124' title='bbox 1735 927 1896 980; x_wconf 74' lang='lat' dir='ltr'>intelligi</span> 
     </span>
     <span class='ocr_line' id='line_1_14' title="bbox 632 979 1898 1033; baseline 0 -12"><span class='ocrx_word' id='word_1_125' title='bbox 632 985 675 1021; x_wconf 58' lang='lat' dir='ltr'>rt»</span> <span class='ocrx_word' id='word_1_126' title='bbox 687 981 820 1021; x_wconf 70' lang='grc' dir='ltr'>ὀϊστόν.</span> <span class='ocrx_word' id='word_1_127' title='bbox 835 981 1024 1020; x_wconf 82' lang='lat' dir='ltr'>Nimirum</span> <span class='ocrx_word' id='word_1_128' title='bbox 1039 979 1288 1019; x_wconf 73' lang='lat' dir='ltr'>acutissimum</span> <span class='ocrx_word' id='word_1_129' title='bbox 1307 980 1424 1018; x_wconf 87' lang='lat' dir='ltr'>telum</span> <span class='ocrx_word' id='word_1_130' title='bbox 1437 979 1490 1018; x_wconf 90' lang='lat' dir='ltr'>est</span> <span class='ocrx_word' id='word_1_131' title='bbox 1503 981 1713 1028; x_wconf 78' lang='lat' dir='ltr'>calumnia,</span> <span class='ocrx_word' id='word_1_132' title='bbox 1725 993 1840 1033; x_wconf 85' lang='lat' dir='ltr'>quam</span> <span class='ocrx_word' id='word_1_133' title='bbox 1857 984 1898 1021; x_wconf 83' lang='lat' dir='ltr'>in</span> 
     </span>
     <span class='ocr_line' id='line_1_15' title="bbox 631 1033 1896 1080; baseline 0 -6"><span class='ocrx_word' id='word_1_134' title='bbox 631 1036 841 1076; x_wconf 82' lang='lat' dir='ltr'>convivam</span> <span class='ocrx_word' id='word_1_135' title='bbox 856 1035 1148 1073; x_wconf 87' lang='lat' dir='ltr'>immoderatum</span> <span class='ocrx_word' id='word_1_136' title='bbox 1163 1033 1336 1072; x_wconf 86' lang='lat' dir='ltr'>vibrabat</span> <span class='ocrx_word' id='word_1_137' title='bbox 1348 1033 1556 1073; x_wconf 84' lang='lat' dir='ltr'>Eunuchus</span> <span class='ocrx_word' id='word_1_138' title='bbox 1570 1035 1648 1080; x_wconf 82' lang='lat' dir='ltr'>ille,</span> <span class='ocrx_word' id='word_1_139' title='bbox 1662 1033 1896 1074; x_wconf 79' lang='lat' dir='ltr'>insusurran-</span> 
     </span>
     <span class='ocr_line' id='line_1_16' title="bbox 631 1087 1897 1140; baseline 0.001 -13"><span class='ocrx_word' id='word_1_140' title='bbox 631 1089 682 1127; x_wconf 89' lang='lat' dir='ltr'>do</span> <span class='ocrx_word' id='word_1_141' title='bbox 703 1089 801 1140; x_wconf 82' lang='lat' dir='ltr'>regis</span> <span class='ocrx_word' id='word_1_142' title='bbox 820 1087 996 1134; x_wconf 78' lang='lat' dir='ltr'>auribus,</span> <span class='ocrx_word' id='word_1_143' title='bbox 1013 1087 1054 1126; x_wconf 69' lang='grc' dir='ltr'>ὃ(</span> <span class='ocrx_word' id='word_1_144' title='bbox 1075 1088 1155 1126; x_wconf 84' lang='lat' dir='ltr'>eius</span> <span class='ocrx_word' id='word_1_145' title='bbox 1177 1087 1403 1138; x_wconf 79' lang='lat' dir='ltr'>zelotypum</span> <span class='ocrx_word' id='word_1_146' title='bbox 1424 1087 1588 1126; x_wconf 83' lang='lat' dir='ltr'>animum</span> <span class='ocrx_word' id='word_1_147' title='bbox 1614 1088 1809 1127; x_wconf 79' lang='lat' dir='ltr'>irritando.</span> <span class='ocrx_word' id='word_1_148' title='bbox 1834 1088 1897 1129; x_wconf 78' lang='lat' dir='ltr'>Sic</span> 
     </span>
     <span class='ocr_line' id='line_1_17' title="bbox 632 1139 1898 1195; baseline 0.001 -14"><span class='ocrx_word' id='word_1_149' title='bbox 632 1154 707 1195; x_wconf 84' lang='lat' dir='ltr'>ego</span> <span class='ocrx_word' id='word_1_150' title='bbox 723 1142 902 1193; x_wconf 82' lang='lat' dir='ltr'>intelligo.</span> <span class='ocrx_word' id='word_1_151' title='bbox 921 1141 1034 1180; x_wconf 89' lang='lat' dir='ltr'>Alius</span> <span class='ocrx_word' id='word_1_152' title='bbox 1045 1139 1154 1179; x_wconf 85' lang='lat' dir='ltr'>-forte</span> <span class='ocrx_word' id='word_1_153' title='bbox 1167 1141 1282 1180; x_wconf 85' lang='lat' dir='ltr'>aliter.</span> <span class='ocrx_word' id='word_1_154' title='bbox 1299 1141 1434 1179; x_wconf 77' lang='lat' dir='ltr'><strong>PALM.</strong></span> <span class='ocrx_word' id='word_1_155' title='bbox 1453 1141 1580 1180; x_wconf 86' lang='lat' dir='ltr'>Locus</span> <span class='ocrx_word' id='word_1_156' title='bbox 1594 1140 1656 1180; x_wconf 87' lang='lat' dir='ltr'>hic</span> <span class='ocrx_word' id='word_1_157' title='bbox 1670 1142 1786 1180; x_wconf 79' lang='lat' dir='ltr'>etiam</span> <span class='ocrx_word' id='word_1_158' title='bbox 1806 1154 1898 1182; x_wconf 85' lang='lat' dir='ltr'>cor-</span> 
     </span>
     <span class='ocr_line' id='line_1_18' title="bbox 633 1193 1896 1247; baseline 0.001 -13"><span class='ocrx_word' id='word_1_159' title='bbox 633 1206 748 1247; x_wconf 81' lang='lat' dir='ltr'>rupte</span> <span class='ocrx_word' id='word_1_160' title='bbox 770 1196 806 1234; x_wconf 90' lang='lat' dir='ltr'>in</span> <span class='ocrx_word' id='word_1_161' title='bbox 825 1195 1005 1234; x_wconf 87' lang='lat' dir='ltr'>omnibus</span> <span class='ocrx_word' id='word_1_162' title='bbox 1026 1194 1184 1246; x_wconf 83' lang='lat' dir='ltr'>legitur:</span> <span class='ocrx_word' id='word_1_163' title='bbox 1204 1207 1282 1233; x_wconf 88' lang='lat' dir='ltr'>non</span> <span class='ocrx_word' id='word_1_164' title='bbox 1303 1193 1423 1246; x_wconf 89' lang='lat' dir='ltr'>potest</span> <span class='ocrx_word' id='word_1_165' title='bbox 1442 1195 1541 1233; x_wconf 87' lang='lat' dir='ltr'>enim</span> <span class='ocrx_word' id='word_1_166' title='bbox 1559 1194 1618 1233; x_wconf 84' lang='lat' dir='ltr'>hic</span> <span class='ocrx_word' id='word_1_167' title='bbox 1633 1193 1721 1233; x_wconf 78' lang='lat' dir='ltr'>ferri</span> <span class='ocrx_word' id='word_1_168' title='bbox 1745 1195 1896 1246; x_wconf 83' lang='lat' dir='ltr'>partici-</span> 
     </span>
     <span class='ocr_line' id='line_1_19' title="bbox 631 1246 1897 1302; baseline -0.002 -15"><span class='ocrx_word' id='word_1_169' title='bbox 631 1250 751 1302; x_wconf 86' lang='lat' dir='ltr'>pium.</span> <span class='ocrx_word' id='word_1_170' title='bbox 766 1247 907 1287; x_wconf 80' lang='lat' dir='ltr'>Forsan</span> <span class='ocrx_word' id='word_1_171' title='bbox 924 1247 1104 1299; x_wconf 82' lang='lat' dir='ltr'>scripserit</span> <span class='ocrx_word' id='word_1_172' title='bbox 1119 1247 1282 1297; x_wconf 57' lang='grc' dir='ltr'>ὃιέπειρέ</span> <span class='ocrx_word' id='word_1_173' title='bbox 1296 1262 1359 1286; x_wconf 76' lang='grc' dir='ltr'>σου</span> <span class='ocrx_word' id='word_1_174' title='bbox 1373 1277 1385 1292; x_wconf 91' lang='grc'>,</span> <span class='ocrx_word' id='word_1_175' title='bbox 1399 1257 1441 1286; x_wconf 93' lang='lat' dir='ltr'>ut</span> <span class='ocrx_word' id='word_1_176' title='bbox 1454 1246 1528 1286; x_wconf 79' lang='grc' dir='ltr'>Ἕτ.</span> <span class='ocrx_word' id='word_1_177' title='bbox 1539 1247 1716 1287; x_wconf 86' lang='lat' dir='ltr'>X111.De</span> <span class='ocrx_word' id='word_1_178' title='bbox 1730 1247 1757 1286; x_wconf 72' lang='grc' dir='ltr'>ἃ</span> <span class='ocrx_word' id='word_1_179' title='bbox 1768 1248 1821 1299; x_wconf 76' lang='grc' dir='ltr'>μὴ</span> <span class='ocrx_word' id='word_1_180' title='bbox 1835 1250 1897 1290; x_wconf 68' lang='grc' dir='ltr'>ἷύέ.</span> 
     </span>
     <span class='ocr_line' id='line_1_20' title="bbox 630 1300 1896 1352; baseline 0.002 -12"><span class='ocrx_word' id='word_1_181' title='bbox 630 1316 696 1351; x_wconf 83' lang='grc' dir='ltr'>μις</span> <span class='ocrx_word' id='word_1_182' title='bbox 711 1301 845 1352; x_wconf 75' lang='grc' dir='ltr'><em>δρῶντα.</em></span> <span class='ocrx_word' id='word_1_183' title='bbox 855 1301 931 1341; x_wconf 85' lang='lat' dir='ltr'>vid.</span> <span class='ocrx_word' id='word_1_184' title='bbox 947 1300 1150 1341; x_wconf 71' lang='lat' dir='ltr'>Dial.10v.</span> <span class='ocrx_word' id='word_1_185' title='bbox 1169 1300 1321 1340; x_wconf 82' lang='lat' dir='ltr'>Aescul.</span> <span class='ocrx_word' id='word_1_186' title='bbox 1336 1300 1376 1339; x_wconf 76' lang='grc' dir='ltr'>δι</span> <span class='ocrx_word' id='word_1_187' title='bbox 1391 1301 1509 1340; x_wconf 87' lang='lat' dir='ltr'>Herc.</span> <span class='ocrx_word' id='word_1_188' title='bbox 1527 1300 1555 1339; x_wconf 72' lang='grc' dir='ltr'>ἃ</span> <span class='ocrx_word' id='word_1_189' title='bbox 1564 1300 1616 1351; x_wconf 73' lang='grc' dir='ltr'>μὴ</span> <span class='ocrx_word' id='word_1_190' title='bbox 1631 1301 1738 1352; x_wconf 61' lang='grc' dir='ltr'><em>θέμις</em></span> <span class='ocrx_word' id='word_1_191' title='bbox 1751 1301 1896 1342; x_wconf 72' lang='grc' dir='ltr'><strong><em>ποιοῦν-</em></strong></span> 
     </span>
     <span class='ocr_line' id='line_1_21' title="bbox 632 1352 1908 1395; baseline -0.001 0"><span class='ocrx_word' id='word_1_192' title='bbox 632 1372 698 1395; x_wconf 70' lang='grc' dir='ltr'>τα.</span> <span class='ocrx_word' id='word_1_193' title='bbox 719 1355 876 1394; x_wconf 81' lang='lat' dir='ltr'><strong>SOLAN.</strong></span> <span class='ocrx_word' id='word_1_194' title='bbox 1904 1352 1908 1356; x_wconf 83' lang='grc'><strong>’</strong></span> 
     </span>
    </p>

    <p class='ocr_par' dir='ltr' id='par_1_4' title="bbox 687 1403 1898 1460">
     <span class='ocr_line' id='line_1_22' title="bbox 687 1403 1898 1460; baseline 0.002 -13"><span class='ocrx_word' id='word_1_195' title='bbox 687 1410 763 1447; x_wconf 86' lang='lat' dir='ltr'>ibid.</span> <span class='ocrx_word' id='word_1_196' title='bbox 777 1408 900 1448; x_wconf 80' lang='grc' dir='ltr'>ΓνέιΘον</span> <span class='ocrx_word' id='word_1_197' title='bbox 914 1403 1004 1460; x_wconf 65' lang='grc' dir='ltr'>εἶτ’)</span> <span class='ocrx_word' id='word_1_198' title='bbox 1017 1408 1210 1447; x_wconf 81' lang='lat' dir='ltr'>Lacunam</span> <span class='ocrx_word' id='word_1_199' title='bbox 1226 1407 1284 1446; x_wconf 80' lang='lat' dir='ltr'>hic</span> <span class='ocrx_word' id='word_1_200' title='bbox 1298 1406 1403 1446; x_wconf 72' lang='lat' dir='ltr'>fuisse</span> <span class='ocrx_word' id='word_1_201' title='bbox 1414 1437 1427 1453; x_wconf 86' lang='lat'><em>,</em></span> <span class='ocrx_word' id='word_1_202' title='bbox 1441 1406 1633 1460; x_wconf 79' lang='lat' dir='ltr'>designare</span> <span class='ocrx_word' id='word_1_203' title='bbox 1644 1407 1758 1447; x_wconf 84' lang='lat' dir='ltr'>credo</span> <span class='ocrx_word' id='word_1_204' title='bbox 1771 1408 1898 1449; x_wconf 72' lang='lat' dir='ltr'>voluit</span> 
     </span>
    </p>
   </div>
   <div class='ocr_carea' id='block_1_3' title="bbox 565 1456 1742 1513">
    <p class='ocr_par' dir='ltr' id='par_1_5' title="bbox 565 1456 1742 1513">
     <span class='ocr_line' id='line_1_23' title="bbox 565 1456 1742 1513; baseline 0 -12"><span class='ocrx_word' id='word_1_205' title='bbox 565 1456 580 1467; x_wconf 75' lang='lat'><em>&#39;</em></span> <span class='ocrx_word' id='word_1_206' title='bbox 632 1462 804 1502; x_wconf 85' lang='lat' dir='ltr'>Iuntinae</span> <span class='ocrx_word' id='word_1_207' title='bbox 817 1462 953 1509; x_wconf 76' lang='lat' dir='ltr'>editor,</span> <span class='ocrx_word' id='word_1_208' title='bbox 971 1461 1146 1501; x_wconf 86' lang='lat' dir='ltr'>asterisco</span> <span class='ocrx_word' id='word_1_209' title='bbox 1158 1462 1204 1499; x_wconf 87' lang='lat' dir='ltr'>ad</span> <span class='ocrx_word' id='word_1_210' title='bbox 1217 1462 1424 1513; x_wconf 83' lang='lat' dir='ltr'>marginem</span> <span class='ocrx_word' id='word_1_211' title='bbox 1439 1460 1575 1513; x_wconf 79' lang='lat' dir='ltr'>posito.</span> <span class='ocrx_word' id='word_1_212' title='bbox 1586 1462 1742 1501; x_wconf 79' lang='lat' dir='ltr'>SOLAN.</span> 
     </span>
    </p>
   </div>
   <div class='ocr_carea' id='block_1_4' title="bbox 631 1514 1902 2049">
    <p class='ocr_par' dir='ltr' id='par_1_6' title="bbox 633 1514 1900 1609">
     <span class='ocr_line' id='line_1_24' title="bbox 686 1514 1900 1568; baseline 0.002 -13"><span class='ocrx_word' id='word_1_213' title='bbox 686 1518 759 1555; x_wconf 75' lang='lat' dir='ltr'>ead.</span> <span class='ocrx_word' id='word_1_214' title='bbox 772 1517 794 1555; x_wconf 91' lang='lat' dir='ltr'>l.</span> <span class='ocrx_word' id='word_1_215' title='bbox 806 1529 846 1564; x_wconf 87' lang='lat'>7.</span> <span class='ocrx_word' id='word_1_216' title='bbox 858 1516 970 1568; x_wconf 81' lang='grc' dir='ltr'>Φέρων</span> <span class='ocrx_word' id='word_1_217' title='bbox 983 1516 1144 1566; x_wconf 69' lang='grc' dir='ltr'>ἐμαυτόν</span> <span class='ocrx_word' id='word_1_218' title='bbox 1155 1514 1174 1567; x_wconf 84' lang='grc'>&gt;</span> <span class='ocrx_word' id='word_1_219' title='bbox 1185 1514 1274 1554; x_wconf 89' lang='lat' dir='ltr'>Vid.</span> <span class='ocrx_word' id='word_1_220' title='bbox 1295 1527 1394 1568; x_wconf 84' lang='lat' dir='ltr'>quae</span> <span class='ocrx_word' id='word_1_221' title='bbox 1406 1516 1451 1554; x_wconf 89' lang='lat' dir='ltr'>ad</span> <span class='ocrx_word' id='word_1_222' title='bbox 1464 1527 1546 1568; x_wconf 84' lang='lat' dir='ltr'>cap.</span> <span class='ocrx_word' id='word_1_223' title='bbox 1565 1529 1615 1564; x_wconf 85' lang='lat'>24</span> <span class='ocrx_word' id='word_1_224' title='bbox 1628 1516 1674 1554; x_wconf 91' lang='lat' dir='ltr'>de</span> <span class='ocrx_word' id='word_1_225' title='bbox 1687 1515 1761 1555; x_wconf 92' lang='lat' dir='ltr'>hoc</span> <span class='ocrx_word' id='word_1_226' title='bbox 1771 1515 1900 1557; x_wconf 87' lang='lat' dir='ltr'>verbo</span> 
     </span>
     <span class='ocr_line' id='line_1_25' title="bbox 633 1569 889 1609; baseline -0.004 0"><span class='ocrx_word' id='word_1_227' title='bbox 633 1569 725 1609; x_wconf 85' lang='lat' dir='ltr'>dixi.</span> <span class='ocrx_word' id='word_1_228' title='bbox 747 1569 889 1608; x_wconf 74' lang='lat' dir='ltr'>Rmz.</span> 
     </span>
    </p>

    <p class='ocr_par' dir='ltr' id='par_1_7' title="bbox 633 1619 1902 1727">
     <span class='ocr_line' id='line_1_26' title="bbox 687 1619 1902 1674; baseline 0 -12"><span class='ocrx_word' id='word_1_229' title='bbox 687 1623 766 1662; x_wconf 76' lang='lat' dir='ltr'>ibid.</span> <span class='ocrx_word' id='word_1_230' title='bbox 777 1621 975 1674; x_wconf 65' lang='grc' dir='ltr'>’[μαυτὶν)</span> <span class='ocrx_word' id='word_1_231' title='bbox 990 1621 1029 1660; x_wconf 85' lang='lat' dir='ltr'>In</span> <span class='ocrx_word' id='word_1_232' title='bbox 1044 1621 1228 1674; x_wconf 81' lang='lat' dir='ltr'>plerisque</span> <span class='ocrx_word' id='word_1_233' title='bbox 1239 1621 1377 1673; x_wconf 81' lang='lat' dir='ltr'>legitur</span> <span class='ocrx_word' id='word_1_234' title='bbox 1389 1619 1495 1660; x_wconf 74' lang='grc' dir='ltr'><strong>ἑαυτ.</strong></span> <span class='ocrx_word' id='word_1_235' title='bbox 1508 1621 1610 1662; x_wconf 89' lang='lat' dir='ltr'>nulla</span> <span class='ocrx_word' id='word_1_236' title='bbox 1621 1620 1774 1674; x_wconf 84' lang='lat' dir='ltr'>prorsus</span> <span class='ocrx_word' id='word_1_237' title='bbox 1784 1621 1902 1662; x_wconf 56' lang='lat' dir='ltr'>ratio*</span> 
     </span>
     <span class='ocr_line' id='line_1_27' title="bbox 633 1674 1897 1727; baseline 0 -11"><span class='ocrx_word' id='word_1_238' title='bbox 633 1689 681 1716; x_wconf 87' lang='lat' dir='ltr'>ne</span> <span class='ocrx_word' id='word_1_239' title='bbox 697 1676 905 1715; x_wconf 87' lang='lat' dir='ltr'>ferendum.</span> <span class='ocrx_word' id='word_1_240' title='bbox 918 1675 1036 1715; x_wconf 63' lang='lat' dir='ltr'>Reae</span> <span class='ocrx_word' id='word_1_241' title='bbox 1048 1675 1186 1727; x_wconf 79' lang='lat' dir='ltr'>legitur</span> <span class='ocrx_word' id='word_1_242' title='bbox 1198 1676 1359 1723; x_wconf 66' lang='grc' dir='ltr'>ἐμαυτόν</span> <span class='ocrx_word' id='word_1_243' title='bbox 1373 1675 1411 1712; x_wconf 92' lang='lat' dir='ltr'>in</span> <span class='ocrx_word' id='word_1_244' title='bbox 1422 1676 1494 1714; x_wconf 87' lang='lat' dir='ltr'>W.</span> <span class='ocrx_word' id='word_1_245' title='bbox 1507 1676 1545 1714; x_wconf 72' lang='grc' dir='ltr'>δι</span> <span class='ocrx_word' id='word_1_246' title='bbox 1559 1675 1613 1715; x_wconf 88' lang='lat' dir='ltr'>ed.</span> <span class='ocrx_word' id='word_1_247' title='bbox 1626 1674 1725 1714; x_wconf 87' lang='lat' dir='ltr'>Flor.</span> <span class='ocrx_word' id='word_1_248' title='bbox 1738 1674 1897 1716; x_wconf 67' lang='grc' dir='ltr'><strong>δοῖ-ΑΝ.</strong></span> 
     </span>
    </p>

    <p class='ocr_par' dir='ltr' id='par_1_8' title="bbox 631 1727 1898 2049">
     <span class='ocr_line' id='line_1_28' title="bbox 689 1727 1897 1781; baseline 0.002 -13"><span class='ocrx_word' id='word_1_249' title='bbox 689 1733 761 1768; x_wconf 79' lang='lat' dir='ltr'>ead.</span> <span class='ocrx_word' id='word_1_250' title='bbox 772 1731 794 1767; x_wconf 89' lang='lat' dir='ltr'>l.</span> <span class='ocrx_word' id='word_1_251' title='bbox 804 1744 817 1767; x_wconf 89' lang='lat'><em>1</em></span> <span class='ocrx_word' id='word_1_252' title='bbox 832 1743 861 1768; x_wconf 83' lang='lat' dir='ltr'>x.</span> <span class='ocrx_word' id='word_1_253' title='bbox 874 1730 967 1767; x_wconf 80' lang='grc' dir='ltr'>Λέων</span> <span class='ocrx_word' id='word_1_254' title='bbox 981 1729 1082 1781; x_wconf 66' lang='grc' dir='ltr'>κρόκῃ</span> <span class='ocrx_word' id='word_1_255' title='bbox 1098 1727 1310 1779; x_wconf 67' lang='lat' dir='ltr'>seee);)Leo</span> <span class='ocrx_word' id='word_1_256' title='bbox 1321 1728 1480 1767; x_wconf 77' lang='lat' dir='ltr'>chordula</span> <span class='ocrx_word' id='word_1_257' title='bbox 1490 1730 1635 1776; x_wconf 61' lang='lat' dir='ltr'>vinam,</span> <span class='ocrx_word' id='word_1_258' title='bbox 1646 1729 1793 1777; x_wconf 80' lang='lat' dir='ltr'>dicitur,</span> <span class='ocrx_word' id='word_1_259' title='bbox 1807 1742 1897 1770; x_wconf 82' lang='lat' dir='ltr'>cum</span> 
     </span>
     <span class='ocr_line' id='line_1_29' title="bbox 632 1781 1898 1835; baseline 0.001 -14"><span class='ocrx_word' id='word_1_260' title='bbox 632 1785 720 1835; x_wconf 86' lang='lat' dir='ltr'>quis</span> <span class='ocrx_word' id='word_1_261' title='bbox 733 1783 876 1835; x_wconf 84' lang='lat' dir='ltr'>exiguo</span> <span class='ocrx_word' id='word_1_262' title='bbox 889 1782 1098 1822; x_wconf 90' lang='lat' dir='ltr'>commodo</span> <span class='ocrx_word' id='word_1_263' title='bbox 1119 1783 1290 1821; x_wconf 85' lang='lat' dir='ltr'>detentus</span> <span class='ocrx_word' id='word_1_264' title='bbox 1304 1782 1405 1834; x_wconf 83' lang='lat' dir='ltr'>apud</span> <span class='ocrx_word' id='word_1_265' title='bbox 1423 1782 1572 1821; x_wconf 85' lang='lat' dir='ltr'>aulicos</span> <span class='ocrx_word' id='word_1_266' title='bbox 1593 1781 1803 1822; x_wconf 84' lang='lat' dir='ltr'>ostentatur</span> <span class='ocrx_word' id='word_1_267' title='bbox 1816 1782 1898 1835; x_wconf 87' lang='lat' dir='ltr'>pas·</span> 
     </span>
     <span class='ocr_line' id='line_1_30' title="bbox 634 1835 1898 1888; baseline 0 -13"><span class='ocrx_word' id='word_1_268' title='bbox 634 1836 718 1884; x_wconf 82' lang='lat' dir='ltr'>sun,</span> <span class='ocrx_word' id='word_1_269' title='bbox 729 1837 833 1888; x_wconf 90' lang='lat' dir='ltr'>quod</span> <span class='ocrx_word' id='word_1_270' title='bbox 848 1837 1025 1888; x_wconf 87' lang='lat' dir='ltr'>princeps</span> <span class='ocrx_word' id='word_1_271' title='bbox 1038 1846 1185 1874; x_wconf 83' lang='lat' dir='ltr'>tantum</span> <span class='ocrx_word' id='word_1_272' title='bbox 1197 1835 1270 1874; x_wconf 81' lang='lat' dir='ltr'>alat</span> <span class='ocrx_word' id='word_1_273' title='bbox 1283 1836 1421 1874; x_wconf 89' lang='lat' dir='ltr'>virum.</span> <span class='ocrx_word' id='word_1_274' title='bbox 1433 1835 1575 1875; x_wconf 81' lang='lat' dir='ltr'>COGN.</span> <span class='ocrx_word' id='word_1_275' title='bbox 1588 1836 1645 1875; x_wconf 83' lang='lat' dir='ltr'>Ex</span> <span class='ocrx_word' id='word_1_276' title='bbox 1657 1835 1808 1876; x_wconf 82' lang='lat' dir='ltr'>historia</span> <span class='ocrx_word' id='word_1_277' title='bbox 1819 1836 1898 1875; x_wconf 89' lang='lat' dir='ltr'>An-</span> 
     </span>
     <span class='ocr_line' id='line_1_31' title="bbox 631 1889 1897 1942; baseline 0.001 -13"><span class='ocrx_word' id='word_1_278' title='bbox 631 1890 749 1929; x_wconf 82' lang='lat' dir='ltr'>drocli</span> <span class='ocrx_word' id='word_1_279' title='bbox 762 1920 774 1936; x_wconf 94' lang='lat'>,</span> <span class='ocrx_word' id='word_1_280' title='bbox 788 1903 904 1942; x_wconf 81' lang='lat' dir='ltr'>quam</span> <span class='ocrx_word' id='word_1_281' title='bbox 916 1889 1003 1928; x_wconf 87' lang='lat' dir='ltr'>vide</span> <span class='ocrx_word' id='word_1_282' title='bbox 1016 1889 1114 1942; x_wconf 85' lang='lat' dir='ltr'>apud</span> <span class='ocrx_word' id='word_1_283' title='bbox 1125 1889 1210 1928; x_wconf 87' lang='lat' dir='ltr'>Ael.</span> <span class='ocrx_word' id='word_1_284' title='bbox 1222 1889 1266 1927; x_wconf 91' lang='lat' dir='ltr'>de</span> <span class='ocrx_word' id='word_1_285' title='bbox 1281 1889 1394 1928; x_wconf 85' lang='lat' dir='ltr'>anim.</span> <span class='ocrx_word' id='word_1_286' title='bbox 1405 1889 1482 1928; x_wconf 91' lang='lat' dir='ltr'>VlI</span> <span class='ocrx_word' id='word_1_287' title='bbox 1494 1918 1506 1934; x_wconf 89' lang='lat'><strong>,</strong></span> <span class='ocrx_word' id='word_1_288' title='bbox 1521 1889 1584 1938; x_wconf 87' lang='lat'>48.</span> <span class='ocrx_word' id='word_1_289' title='bbox 1596 1890 1642 1929; x_wconf 90' lang='lat' dir='ltr'>Et</span> <span class='ocrx_word' id='word_1_290' title='bbox 1656 1889 1814 1936; x_wconf 73' lang='lat' dir='ltr'>Gelw,</span> <span class='ocrx_word' id='word_1_291' title='bbox 1829 1904 1897 1939; x_wconf 89' lang='lat'>14:</span> 
     </span>
     <span class='ocr_line' id='line_1_32' title="bbox 631 1943 1897 1997; baseline 0 -14"><span class='ocrx_word' id='word_1_292' title='bbox 631 1944 774 1997; x_wconf 71' lang='lat' dir='ltr'>Postea,</span> <span class='ocrx_word' id='word_1_293' title='bbox 791 1943 932 1995; x_wconf 85' lang='lat' dir='ltr'>inquit,</span> <span class='ocrx_word' id='word_1_294' title='bbox 952 1944 1144 1982; x_wconf 76' lang='lat' dir='ltr'>videbamus</span> <span class='ocrx_word' id='word_1_295' title='bbox 1168 1943 1379 1981; x_wconf 82' lang='lat' dir='ltr'>Androclum</span> <span class='ocrx_word' id='word_1_296' title='bbox 1400 1943 1434 1981; x_wconf 71' lang='grc' dir='ltr'>ἃ·</span> <span class='ocrx_word' id='word_1_297' title='bbox 1451 1943 1573 1982; x_wconf 82' lang='lat' dir='ltr'>leonem</span> <span class='ocrx_word' id='word_1_298' title='bbox 1592 1944 1663 1982; x_wconf 92' lang='lat' dir='ltr'>loro</span> <span class='ocrx_word' id='word_1_299' title='bbox 1679 1943 1770 1982; x_wconf 82' lang='lat' dir='ltr'>tenui</span> <span class='ocrx_word' id='word_1_300' title='bbox 1785 1944 1897 1983; x_wconf 81' lang='lat' dir='ltr'>revin-</span> 
     </span>
     <span class='ocr_line' id='line_1_33' title="bbox 631 1994 1897 2049; baseline 0.002 -14"><span class='ocrx_word' id='word_1_301' title='bbox 631 2001 731 2043; x_wconf 71' lang='lat' dir='ltr'>Hum,</span> <span class='ocrx_word' id='word_1_302' title='bbox 743 1998 818 2035; x_wconf 85' lang='lat' dir='ltr'>urbe</span> <span class='ocrx_word' id='word_1_303' title='bbox 828 2009 900 2036; x_wconf 86' lang='lat' dir='ltr'>tota</span> <span class='ocrx_word' id='word_1_304' title='bbox 912 1997 1034 2035; x_wconf 66' lang='lat' dir='ltr'>circum</span> <span class='ocrx_word' id='word_1_305' title='bbox 1045 1998 1200 2035; x_wconf 73' lang='lat' dir='ltr'>tabernas</span> <span class='ocrx_word' id='word_1_306' title='bbox 1210 1996 1255 2034; x_wconf 84' lang='lat' dir='ltr'>ire</span> <span class='ocrx_word' id='word_1_307' title='bbox 1267 1996 1340 2035; x_wconf 70' lang='grc' dir='ltr'>ἃς.</span> <span class='ocrx_word' id='word_1_308' title='bbox 1349 1994 1505 2035; x_wconf 82' lang='lat' dir='ltr'>SOLAN.</span> <span class='ocrx_word' id='word_1_309' title='bbox 1520 1996 1659 2035; x_wconf 85' lang='lat' dir='ltr'>Erasm.</span> <span class='ocrx_word' id='word_1_310' title='bbox 1671 1997 1710 2035; x_wconf 85' lang='lat' dir='ltr'>in</span> <span class='ocrx_word' id='word_1_311' title='bbox 1721 2009 1897 2049; x_wconf 77' lang='lat' dir='ltr'>paroem-</span> 
     </span>
    </p>
   </div>
   <div class='ocr_carea' id='block_1_5' title="bbox 633 2048 1962 2102">
    <p class='ocr_par' dir='ltr' id='par_1_9' title="bbox 633 2048 2015 2111">
     <span class='ocr_line' id='line_1_34' title="bbox 633 2048 1962 2102; baseline 0 -13"><span class='ocrx_word' id='word_1_312' title='bbox 633 2051 702 2089; x_wconf 86' lang='lat' dir='ltr'>Leo</span> <span class='ocrx_word' id='word_1_313' title='bbox 714 2051 874 2089; x_wconf 79' lang='lat' dir='ltr'>chordula</span> <span class='ocrx_word' id='word_1_314' title='bbox 889 2051 1031 2089; x_wconf 61' lang='lat' dir='ltr'>vinetus.</span> <span class='ocrx_word' id='word_1_315' title='bbox 1044 2050 1159 2089; x_wconf 84' lang='lat' dir='ltr'>Brod.</span> <span class='ocrx_word' id='word_1_316' title='bbox 1173 2048 1384 2096; x_wconf 80' lang='lat' dir='ltr'>Misc.1X‚1</span> <span class='ocrx_word' id='word_1_317' title='bbox 1396 2064 1428 2102; x_wconf 85' lang='lat'>3.</span> <span class='ocrx_word' id='word_1_318' title='bbox 1444 2050 1593 2089; x_wconf 85' lang='lat' dir='ltr'>Editum</span> <span class='ocrx_word' id='word_1_319' title='bbox 1607 2061 1734 2089; x_wconf 80' lang='lat' dir='ltr'>autem</span> <span class='ocrx_word' id='word_1_320' title='bbox 1747 2050 1796 2089; x_wconf 91' lang='lat' dir='ltr'>ibi</span> <span class='ocrx_word' id='word_1_321' title='bbox 1808 2050 1897 2101; x_wconf 71' lang='lat' dir='ltr'>orpb&#39;-</span> <span class='ocrx_word' id='word_1_322' title='bbox 1959 2096 1962 2099; x_wconf 31' lang='lat'>¹</span> 
     </span>
    </p>
   </div>
   <div class='ocr_carea' id='block_1_6' title="bbox 631 2102 1899 2424">
    <p class='ocr_par' dir='ltr' id='par_1_10' title="bbox 631 2102 1899 2424">
     <span class='ocr_line' id='line_1_35' title="bbox 631 2102 1899 2157; baseline 0.002 -15"><span class='ocrx_word' id='word_1_323' title='bbox 631 2118 674 2153; x_wconf 66' lang='grc' dir='ltr'>κη</span> <span class='ocrx_word' id='word_1_324' title='bbox 695 2117 768 2157; x_wconf 89' lang='lat' dir='ltr'>pro</span> <span class='ocrx_word' id='word_1_325' title='bbox 787 2103 885 2155; x_wconf 65' lang='grc' dir='ltr'>κρόκῃ</span> <span class='ocrx_word' id='word_1_326' title='bbox 899 2116 1029 2143; x_wconf 83' lang='lat' dir='ltr'>errore</span> <span class='ocrx_word' id='word_1_327' title='bbox 1049 2103 1316 2156; x_wconf 87' lang='lat' dir='ltr'>typothetico,</span> <span class='ocrx_word' id='word_1_328' title='bbox 1331 2104 1473 2156; x_wconf 88' lang='lat' dir='ltr'>quibus</span> <span class='ocrx_word' id='word_1_329' title='bbox 1486 2103 1547 2143; x_wconf 84' lang='lat' dir='ltr'>illa</span> <span class='ocrx_word' id='word_1_330' title='bbox 1568 2102 1724 2143; x_wconf 87' lang='lat' dir='ltr'>Miscell.</span> <span class='ocrx_word' id='word_1_331' title='bbox 1738 2103 1899 2145; x_wconf 80' lang='lat' dir='ltr'>mirifice</span> 
     </span>
     <span class='ocr_line' id='line_1_36' title="bbox 631 2156 1894 2210; baseline 0.001 -14"><span class='ocrx_word' id='word_1_332' title='bbox 631 2157 846 2204; x_wconf 78' lang='lat' dir='ltr'>abundant3</span> <span class='ocrx_word' id='word_1_333' title='bbox 862 2170 948 2196; x_wconf 87' lang='lat' dir='ltr'>nam</span> <span class='ocrx_word' id='word_1_334' title='bbox 964 2170 1043 2196; x_wconf 91' lang='lat' dir='ltr'>non</span> <span class='ocrx_word' id='word_1_335' title='bbox 1057 2158 1146 2196; x_wconf 80' lang='lat' dir='ltr'>mihi</span> <span class='ocrx_word' id='word_1_336' title='bbox 1159 2156 1429 2210; x_wconf 78' lang='lat' dir='ltr'>dubium‚quin</span> <span class='ocrx_word' id='word_1_337' title='bbox 1443 2157 1544 2208; x_wconf 65' lang='grc' dir='ltr'>κρόκῳ</span> <span class='ocrx_word' id='word_1_338' title='bbox 1557 2157 1595 2196; x_wconf 75' lang='grc' dir='ltr'>δι</span> <span class='ocrx_word' id='word_1_339' title='bbox 1610 2156 1685 2209; x_wconf 88' lang='lat' dir='ltr'>ipse</span> <span class='ocrx_word' id='word_1_340' title='bbox 1695 2156 1894 2210; x_wconf 85' lang='lat' dir='ltr'>scripserit,</span> 
     </span>
     <span class='ocr_line' id='line_1_37' title="bbox 631 2210 1896 2263; baseline 0.002 -14"><span class='ocrx_word' id='word_1_341' title='bbox 631 2224 676 2251; x_wconf 86' lang='lat' dir='ltr'>ac</span> <span class='ocrx_word' id='word_1_342' title='bbox 689 2211 831 2263; x_wconf 85' lang='lat' dir='ltr'>legerit.</span> <span class='ocrx_word' id='word_1_343' title='bbox 849 2210 910 2250; x_wconf 80' lang='lat' dir='ltr'>Est</span> <span class='ocrx_word' id='word_1_344' title='bbox 924 2212 1024 2250; x_wconf 88' lang='lat' dir='ltr'>enim</span> <span class='ocrx_word' id='word_1_345' title='bbox 1042 2211 1144 2262; x_wconf 77' lang='grc' dir='ltr'>κρόκη</span> <span class='ocrx_word' id='word_1_346' title='bbox 1161 2221 1275 2250; x_wconf 86' lang='lat' dir='ltr'>tenue</span> <span class='ocrx_word' id='word_1_347' title='bbox 1290 2210 1395 2250; x_wconf 87' lang='lat' dir='ltr'>filum</span> <span class='ocrx_word' id='word_1_348' title='bbox 1410 2241 1422 2256; x_wconf 94' lang='lat'>,</span> <span class='ocrx_word' id='word_1_349' title='bbox 1442 2211 1562 2250; x_wconf 89' lang='lat' dir='ltr'>immo</span> <span class='ocrx_word' id='word_1_350' title='bbox 1569 2214 1702 2263; x_wconf 84' lang='lat' dir='ltr'>floccus</span> <span class='ocrx_word' id='word_1_351' title='bbox 1712 2210 1753 2250; x_wconf 79' lang='grc' dir='ltr'>δι</span> <span class='ocrx_word' id='word_1_352' title='bbox 1761 2212 1896 2263; x_wconf 80' lang='lat' dir='ltr'>pluma.</span> 
     </span>
     <span class='ocr_line' id='line_1_38' title="bbox 632 2261 1894 2316; baseline 0 -12"><span class='ocrx_word' id='word_1_353' title='bbox 632 2265 754 2316; x_wconf 61' lang='lat' dir='ltr'>Epi&amp;</span> <span class='ocrx_word' id='word_1_354' title='bbox 767 2264 867 2303; x_wconf 89' lang='lat' dir='ltr'>Sent.</span> <span class='ocrx_word' id='word_1_355' title='bbox 883 2265 947 2310; x_wconf 87' lang='lat'>26,</span> <span class='ocrx_word' id='word_1_356' title='bbox 958 2263 1056 2303; x_wconf 76' lang='grc' dir='ltr'>Οὔτε</span> <span class='ocrx_word' id='word_1_357' title='bbox 1069 2264 1154 2316; x_wconf 69' lang='grc' dir='ltr'>’ὄρνις</span> <span class='ocrx_word' id='word_1_358' title='bbox 1166 2264 1227 2303; x_wconf 68' lang='grc' dir='ltr'>ἐπὶ</span> <span class='ocrx_word' id='word_1_359' title='bbox 1242 2265 1345 2314; x_wconf 72' lang='grc' dir='ltr'>κρόκῃ</span> <span class='ocrx_word' id='word_1_360' title='bbox 1358 2261 1540 2314; x_wconf 57' lang='grc' dir='ltr'>ὑψοῦται,</span> <span class='ocrx_word' id='word_1_361' title='bbox 1553 2279 1612 2303; x_wconf 84' lang='lat' dir='ltr'>nec</span> <span class='ocrx_word' id='word_1_362' title='bbox 1623 2266 1700 2303; x_wconf 84' lang='lat' dir='ltr'>avis</span> <span class='ocrx_word' id='word_1_363' title='bbox 1712 2265 1754 2304; x_wconf 86' lang='lat' dir='ltr'>oh</span> <span class='ocrx_word' id='word_1_364' title='bbox 1763 2268 1894 2316; x_wconf 84' lang='lat' dir='ltr'>floccos</span> 
     </span>
     <span class='ocr_line' id='line_1_39' title="bbox 635 2316 1867 2371; baseline 0.002 -15"><span class='ocrx_word' id='word_1_365' title='bbox 635 2317 820 2371; x_wconf 83' lang='lat' dir='ltr'>(plumas)</span> <span class='ocrx_word' id='word_1_366' title='bbox 832 2318 920 2356; x_wconf 79' lang='lat' dir='ltr'>elata</span> <span class='ocrx_word' id='word_1_367' title='bbox 933 2320 985 2371; x_wconf 87' lang='lat' dir='ltr'>est.</span> <span class='ocrx_word' id='word_1_368' title='bbox 1002 2318 1048 2357; x_wconf 89' lang='lat' dir='ltr'>Et</span> <span class='ocrx_word' id='word_1_369' title='bbox 1059 2331 1081 2357; x_wconf 85' lang='lat' dir='ltr'>a</span> <span class='ocrx_word' id='word_1_370' title='bbox 1094 2317 1199 2370; x_wconf 72' lang='grc' dir='ltr'>κρόκη</span> <span class='ocrx_word' id='word_1_371' title='bbox 1212 2316 1337 2356; x_wconf 82' lang='lat' dir='ltr'>forsan</span> <span class='ocrx_word' id='word_1_372' title='bbox 1349 2318 1570 2357; x_wconf 85' lang='lat' dir='ltr'>Latinorum</span> <span class='ocrx_word' id='word_1_373' title='bbox 1583 2333 1709 2358; x_wconf 87' lang='lat' dir='ltr'>crocus.</span> <span class='ocrx_word' id='word_1_374' title='bbox 1725 2317 1867 2358; x_wconf 81' lang='lat' dir='ltr'><strong>REITZ.</strong></span> 
     </span>
     <span class='ocr_line' id='line_1_40' title="bbox 686 2370 1895 2424; baseline 0.002 -15"><span class='ocrx_word' id='word_1_375' title='bbox 686 2374 761 2409; x_wconf 85' lang='lat' dir='ltr'>ead.</span> <span class='ocrx_word' id='word_1_376' title='bbox 773 2372 794 2409; x_wconf 91' lang='lat' dir='ltr'>l.</span> <span class='ocrx_word' id='word_1_377' title='bbox 813 2385 870 2422; x_wconf 87' lang='lat'>13.</span> <span class='ocrx_word' id='word_1_378' title='bbox 882 2370 956 2409; x_wconf 76' lang='grc' dir='ltr'>Τῶν</span> <span class='ocrx_word' id='word_1_379' title='bbox 968 2371 1153 2424; x_wconf 73' lang='grc' dir='ltr'>τοιούτων)</span> <span class='ocrx_word' id='word_1_380' title='bbox 1168 2371 1299 2411; x_wconf 83' lang='lat' dir='ltr'>Scribe</span> <span class='ocrx_word' id='word_1_381' title='bbox 1310 2371 1482 2411; x_wconf 68' lang='grc' dir='ltr'><strong><em>τοιοῦτον.</em></strong></span> <span class='ocrx_word' id='word_1_382' title='bbox 1497 2372 1637 2410; x_wconf 85' lang='lat' dir='ltr'><strong>BROD.</strong></span> <span class='ocrx_word' id='word_1_383' title='bbox 1649 2372 1672 2410; x_wconf 89' lang='lat' dir='ltr'>l.</span> <span class='ocrx_word' id='word_1_384' title='bbox 1693 2372 1810 2412; x_wconf 85' lang='lat' dir='ltr'>modo</span> <span class='ocrx_word' id='word_1_385' title='bbox 1832 2371 1895 2412; x_wconf 84' lang='lat' dir='ltr'>ad-</span> 
     </span>
    </p>
   </div>
   <div class='ocr_carea' id='block_1_7' title="bbox 629 2423 1959 2478">
    <p class='ocr_par' dir='ltr' id='par_1_11' title="bbox 629 2423 1959 2478">
     <span class='ocr_line' id='line_1_41' title="bbox 629 2423 1959 2478; baseline 0.002 -15"><span class='ocrx_word' id='word_1_386' title='bbox 629 2424 760 2465; x_wconf 59' lang='lat' dir='ltr'>ducto.</span> <span class='ocrx_word' id='word_1_387' title='bbox 777 2424 847 2464; x_wconf 88' lang='lat' dir='ltr'>Sed</span> <span class='ocrx_word' id='word_1_388' title='bbox 868 2423 1034 2464; x_wconf 74' lang='grc' dir='ltr'><strong><em>τοιούτων</em></strong></span> <span class='ocrx_word' id='word_1_389' title='bbox 1046 2437 1120 2478; x_wconf 87' lang='lat' dir='ltr'>ego</span> <span class='ocrx_word' id='word_1_390' title='bbox 1139 2424 1218 2464; x_wconf 84' lang='lat' dir='ltr'>fine</span> <span class='ocrx_word' id='word_1_391' title='bbox 1239 2425 1454 2464; x_wconf 82' lang='lat' dir='ltr'>variatione</span> <span class='ocrx_word' id='word_1_392' title='bbox 1473 2425 1615 2477; x_wconf 84' lang='lat' dir='ltr'>ubique</span> <span class='ocrx_word' id='word_1_393' title='bbox 1635 2425 1764 2465; x_wconf 89' lang='lat' dir='ltr'>inveni</span> <span class='ocrx_word' id='word_1_394' title='bbox 1778 2453 1789 2472; x_wconf 87' lang='lat'>‚</span> <span class='ocrx_word' id='word_1_395' title='bbox 1805 2425 1846 2464; x_wconf 90' lang='lat'>&amp;</span> <span class='ocrx_word' id='word_1_396' title='bbox 1863 2425 1894 2465; x_wconf 79' lang='lat' dir='ltr'>fi</span> <span class='ocrx_word' id='word_1_397' title='bbox 1954 2426 1959 2478; x_wconf 65' lang='lat' dir='ltr'>f</span> 
     </span>
    </p>
   </div>
   <div class='ocr_carea' id='block_1_8' title="bbox 629 2477 1894 2583">
    <p class='ocr_par' dir='ltr' id='par_1_12' title="bbox 629 2477 1894 2583">
     <span class='ocr_line' id='line_1_42' title="bbox 629 2477 1894 2531; baseline 0 -13"><span class='ocrx_word' id='word_1_398' title='bbox 629 2477 745 2518; x_wconf 85' lang='lat' dir='ltr'>Brod.</span> <span class='ocrx_word' id='word_1_399' title='bbox 756 2478 915 2517; x_wconf 67' lang='grc' dir='ltr'>τοιοῦτον</span> <span class='ocrx_word' id='word_1_400' title='bbox 927 2478 1067 2517; x_wconf 86' lang='lat' dir='ltr'>alicubi</span> <span class='ocrx_word' id='word_1_401' title='bbox 1082 2479 1245 2526; x_wconf 87' lang='lat' dir='ltr'>invenit,</span> <span class='ocrx_word' id='word_1_402' title='bbox 1259 2478 1322 2518; x_wconf 86' lang='lat' dir='ltr'>vel</span> <span class='ocrx_word' id='word_1_403' title='bbox 1333 2477 1410 2531; x_wconf 86' lang='lat' dir='ltr'>ipse</span> <span class='ocrx_word' id='word_1_404' title='bbox 1425 2489 1603 2518; x_wconf 86' lang='lat' dir='ltr'>accentus</span> <span class='ocrx_word' id='word_1_405' title='bbox 1616 2491 1771 2518; x_wconf 83' lang='lat' dir='ltr'>monere</span> <span class='ocrx_word' id='word_1_406' title='bbox 1783 2489 1894 2531; x_wconf 89' lang='lat' dir='ltr'>pote·</span> 
     </span>
     <span class='ocr_line' id='line_1_43' title="bbox 629 2531 1862 2583; baseline 0.002 -12"><span class='ocrx_word' id='word_1_407' title='bbox 629 2543 700 2583; x_wconf 84' lang='lat' dir='ltr'>rat,</span> <span class='ocrx_word' id='word_1_408' title='bbox 710 2531 866 2573; x_wconf 83' lang='lat' dir='ltr'>scribam</span> <span class='ocrx_word' id='word_1_409' title='bbox 880 2531 943 2574; x_wconf 83' lang='lat' dir='ltr'>vel</span> <span class='ocrx_word' id='word_1_410' title='bbox 955 2532 1041 2572; x_wconf 84' lang='lat' dir='ltr'>edit.</span> <span class='ocrx_word' id='word_1_411' title='bbox 1055 2533 1222 2573; x_wconf 76' lang='grc' dir='ltr'><strong><em>τοιούτων</em></strong></span> <span class='ocrx_word' id='word_1_412' title='bbox 1236 2532 1325 2572; x_wconf 83' lang='lat' dir='ltr'>dare</span> <span class='ocrx_word' id='word_1_413' title='bbox 1340 2533 1377 2571; x_wconf 90' lang='lat' dir='ltr'>in</span> <span class='ocrx_word' id='word_1_414' title='bbox 1389 2533 1517 2572; x_wconf 85' lang='lat' dir='ltr'>animo</span> <span class='ocrx_word' id='word_1_415' title='bbox 1531 2531 1862 2574; x_wconf 79' lang='lat' dir='ltr'>habuiffe.Rmz.</span> 
     </span>
    </p>
   </div>
   <div class='ocr_carea' id='block_1_9' title="bbox 1941 0 2015 3490">
    <p class='ocr_par' dir='ltr' id='par_1_13' title="bbox 1941 0 2015 3490">
     <span class='ocr_line' id='line_1_44' title="bbox 1941 0 2015 3490; baseline 0 0"><span class='ocrx_word' id='word_1_416' title='bbox 1941 0 2015 3490; x_wconf 95' lang='lat' dir='ltr'> </span> 
     </span>
    </p>
   </div>
  </div>
 </body>
</html>
