2015 3490
633 255 719 314 ςψ
823 236 1776 298 ANNOTATIONEff'

684 340 755 376 ead.
767 339 791 376 l.
809 337 972 390 ςζΤρίτος
985 335 1122 391 ἄλλος)
1137 339 1172 376 E
1177 337 1288 389 servis
1297 337 1475 390 quispiam.
1489 338 1628 378 BROD.

683 395 757 430 ead.
770 392 792 428 l.
807 404 842 442 9.
864 391 934 430 Καὶ
948 392 1012 430 τοῦ
1026 389 1168 444 πηλοῦ)
1190 391 1296 430 Licet
1310 403 1444 431 omnes
1458 392 1539 430 edd.
1553 392 1715 431 habeant
1729 391 1792 430 neci
1807 387 1882 431 ὑπδ

626 443 693 482 τοῦ
707 444 846 491 πηλοῦ,
858 444 948 483 &in
963 444 1083 483 Codd.
1101 457 1259 497 quoque
1274 440 1346 484 ὑπὸ
1361 445 1525 483 inveniri
1539 445 1703 493 credam,
1715 445 1806 497 quia
1825 446 1881 484 ni-

627 496 680 535 hil
693 499 915 536 variationis
929 507 1104 537 notatum
1121 498 1303 544 invenio,
1325 508 1453 537 tamen
1474 498 1606 537 eiicere
1627 496 1882 550 praepositio-

627 563 715 589 nem
735 551 861 590 nullus
873 551 1069 598 dubitavi,
1082 561 1290 604 praeeunte
1307 552 1474 603 margine
1488 551 1536 588 A.
1552 564 1566 588 1
1592 555 1646 589 W.
1661 552 1697 590 in
1710 564 1787 603 qua
1800 551 1883 592 Co-

628 604 718 642 dicis
729 605 841 644 leffio
857 616 936 643 erat
949 616 1106 651 notata,
1129 616 1227 657 quae
1240 601 1312 644 ῡπδ
1325 606 1538 651 omitteret;
1561 615 1644 643 tum
1661 605 1754 657 quia
1774 617 1882 645 error

627 655 699 696 fuit
715 656 830 697 facilis
844 658 897 696 ob
918 657 1036 696 statim
1053 658 1211 710 sequens
1223 654 1295 697 ὑπὸ
1310 657 1358 707 τῇ
1372 659 1484 706 κλίνῃ.
1503 657 1551 696 Et
1571 667 1673 697 cette
1691 657 1883 710 inelegans

628 710 718 749 effet
742 712 834 750 illud
855 711 911 750 bis
933 711 1136 763 repetitum
1161 708 1257 758 ὑπό;
1280 711 1399 750 immo
1413 711 1476 750 vel
1496 710 1617 750 solum
1638 709 1665 749 st
1683 710 1772 750 esset
1792 711 1884 751 illud

629 765 737 816 prius
749 759 838 813 ὑπὸ,
854 766 920 803 vix
934 765 1162 804 concinnam
1174 765 1386 804 orationem
1401 765 1580 813 efficeret,
1598 763 1744 803 etiamsi
1755 765 1885 804 analo-

631 818 689 869 gis
706 818 891 871 exemplis
905 818 1077 857 videatur
1089 817 1191 869 posse
1202 817 1364 865 defendi,
1380 831 1478 870 quae
1490 827 1617 857 tamen
1628 830 1769 857 vereor
1780 830 1823 857 ut
1833 816 1886 857 sa-

628 872 678 909 tis
691 871 761 910 sint
782 872 1063 911 convenientia.
1086 872 1156 911 Sed
1176 871 1281 923 quod
1296 873 1413 923 magis
1435 871 1555 910 audax
1575 871 1782 916 videbitur,
1796 872 1886 910 ἀνα,-

629 924 788 974 πλνισέεῇ
800 938 871 978 pro
885 923 1119 973 ἀναπλασῧῖῖ
1128 926 1226 972 dedi,
1238 937 1322 964 mea
1333 924 1570 964 ausioritate.
1583 924 1639 963 At
1652 923 1768 963 eie&a
1779 937 1886 977 prae·
1936 926 1942 933 '

629 978 785 1030 positio,
810 977 948 1024 sensus,
961 979 1001 1018 δι
1013 979 1255 1031 comparatio
1267 991 1352 1018 cum
1367 978 1501 1018 calceis
1514 977 1740 1030 postulabat,
1753 989 1796 1016 ut
1809 979 1882 1017 luto

631 1032 782 1085 oppletus
798 1032 998 1080 diceretur,
1014 1032 1136 1071 veluti
1150 1032 1267 1072 calcei
1279 1031 1409 1071 solent.
1421 1031 1522 1078 Scio,
1536 1031 1700 1071 verbum
1715 1030 1884 1071 πλοῖα-σω

632 1085 674 1123 8(
694 1087 936 1124 ἁναπλέισσω
960 1085 1068 1139 saepe
1091 1098 1178 1125 cum
1201 1087 1271 1126 luto
1293 1086 1496 1138 coniungi,
1521 1084 1772 1144 hominesque
1797 1085 1886 1126 hinc

632 1143 857 1188 πλάσματα
867 1151 946 1178 πηλ
953 1138 1006 1186 οὗ,
1012 1141 1174 1192 figmenta
1186 1140 1264 1186 luti,
1279 1139 1424 1178 vocati.
1440 1139 1512 1178 Sed
1524 1138 1645 1178 isthoc
1659 1139 1779 1191 ipsum
1795 1137 1886 1179 seri-

633 1191 690 1231 bis
702 1191 822 1231 fraudi
836 1191 918 1231 fuit.
931 1192 1039 1244 Quid
1051 1204 1176 1232 autem
1186 1193 1327 1246 quaeso
1332 1193 1471 1246 fingere,
1480 1192 1631 1244 refingere
1644 1192 1702 1232 hic
1714 1204 1802 1231 cum
1816 1193 1889 1232 cal-

634 1246 709 1285 ceis
721 1259 930 1286 commune
942 1246 1076 1285 habet?
1093 1247 1179 1286 hine
1193 1260 1294 1300 opus
1308 1246 1506 1298 figulinum
1519 1245 1627 1285 sunt?
1639 1246 1800 1285 Facilius
1813 1246 1886 1286 hu-

634 1299 695 1338 ius
711 1300 927 1339 mutationis
942 1301 1092 1339 veniam
1106 1300 1319 1353 impetrabo
1330 1331 1341 1347 ‚
1360 1312 1442 1353 quo
1455 1300 1578 1340 minus
1595 1300 1714 1338 multa
1727 1298 1804 1338 sine
1819 1313 1887 1340 au-

635 1352 812 1393 &oritate
825 1353 947 1393 Codd.
962 1365 1028 1393 aut
1041 1354 1121 1393 edd.
1138 1355 1279 1407 antiqq.
1297 1366 1445 1393 novare
1461 1354 1576 1394 soleo.
1599 1353 1671 1393 Sed
1683 1353 1794 1392 venia
1812 1353 1888 1394 iam

635 1406 726 1445 nihil
740 1420 839 1458 opus
851 1406 920 1446 est:
936 1408 1130 1460 recognita
1141 1408 1239 1446 enim
1255 1407 1313 1446 ed.
1325 1408 1411 1446 ΑΜ.
1425 1408 1541 1446 video
1554 1408 1593 1446 in
1606 1407 1777 1459 margine
1790 1420 1891 1460 quo-

635 1473 714 1512 que
736 1459 963 1509 ἀνειπλησὲιῖ
986 1473 1172 1500 notatum.
1195 1461 1341 1501 RmTz.
1363 1460 1461 1500 Puto
1476 1461 1620 1500 τεᾶιιῐη
1637 1460 1711 1501 effe
1732 1456 1804 1499 ὑπδ
1822 1461 1888 1500 τοῦ

635 1513 760 1553 πηλοῦ
769 1513 1006 1563 &ramam-3515
1007 1544 1017 1559 ,
1028 1531 1050 1552 a
1059 1516 1129 1554 luto
1140 1515 1364 1554 obducatur&
1372 1515 1551 1562 oblinatur,
1559 1526 1674 1567 atque
1685 1514 1782 1553 adeo
1791 1513 1890 1554 subi·

638 1579 751 1618 gatur
765 1567 1048 1620 refingaturque
1063 1569 1353 1620 quodammodo
1373 1582 1421 1608 ex
1433 1581 1477 1608 ea
1489 1570 1648 1608 notione
1658 1598 1670 1616 ‚
1691 1581 1805 1620 quam
1824 1568 1891 1607 ha-

636 1621 700 1659 het
715 1622 948 1672 ἐμπλάττειν
960 1622 1058 1674 apud
1073 1623 1261 1662 Herodot.
1275 1621 1310 1661 II
1323 1652 1335 1668 ,
1358 1637 1430 1675 73,
1451 1622 1496 1661 de
1510 1622 1713 1662 Phoenice:
1743 1622 1784 1661 δι
1799 1622 1892 1663 ἀνα,-

637 1673 799 1714 πλέισςις
817 1676 862 1714 de
877 1675 1044 1726 collyrio
1059 1677 1159 1727 apud
1168 1676 1350 1715 Nostrum
1361 1674 1531 1724 Ψευέομ.
1544 1689 1578 1715 c.
1593 1690 1654 1715 21.
1673 1675 1802 1716 GESN.

691 1730 763 1766 ead.
778 1730 801 1766 l.
817 1743 876 1767 10.
898 1729 991 1767 Ὑπὸ
1005 1728 1052 1779 τῇ
1065 1729 1193 1782 κλίνῃ)
1214 1729 1362 1769 Laudat
1381 1729 1418 1768 h.
1441 1729 1465 1769 l.
1489 1729 1648 1770 Casaub.
1669 1729 1716 1768 ad
1734 1729 1838 1769 Suet.
1852 1743 1891 1782 p.

640 1780 727 1830 167.
744 1782 908 1824 Eandem
929 1783 1256 1834 comparationem
1277 1783 1365 1822 alibi
1384 1784 1519 1847 repetit
1539 1784 1696 1823 Lucian.
1717 1783 1893 1824 BOURD.

690 1835 779 1888 Pag.
794 1850 881 1889 237.
894 1836 917 1874 l.
927 1851 964 1884 4.
979 1832 1115 1890 Αὑτοῦ)
1128 1836 1277 1877 Omnes
1292 1837 1373 1877 edd.
1385 1835 1504 1876 αυτοῦ
1517 1835 1603 1890 spir.
1619 1837 1720 1885 leni;
1742 1836 1804 1877 sed
1814 1850 1892 1892 ego

637 1887 837 1941 adspiravi.
862 1889 1009 1929 RErrz.

689 1945 760 1983 ead.
775 1943 799 1982 l.
815 1957 872 1981 12.
887 1943 1155 1998 Ὀξυρεγμίοιν)
1173 1944 1220 1986 In
1238 1943 1295 1983 ed.
1319 1945 1400 1983 Par.
1425 1943 1644 1997 ὂξυρεγκίοιν
1668 1943 1889 1996 legebatur3

634 1993 696 2035 sed
709 1997 746 2034 in
758 2008 945 2049 utroque,
959 2010 1042 2049 quo
1053 2008 1157 2046 utor,
1175 1997 1394 2051 exemplati,
1407 1998 1556 2055 calamo
1567 1998 1782 2039 correaum
1794 2009 1893 2049 erat,

635 2062 658 2089 a
673 2062 777 2101 qu0,
792 2049 931 2090 nescio.
946 2051 1092 2090 Rmz.

688 2103 778 2156 Pag.
793 2103 881 2155 238.
898 2105 921 2143 l.
935 2118 970 2143 2.
988 2104 1280 2160 Ἀτρειγῴθετοι)
1304 2105 1405 2148 Omni
1410 2104 1507 2158 fizstu
1526 2118 1625 2159 atque
1648 2117 1818 2159 apparatu
1831 2121 1890 2145 ca*-

635 2157 751 2196 rentia.
772 2157 909 2196 BROD.

688 2213 761 2248 ead.
771 2211 793 2248 l.
809 2225 842 2262 3.
858 2210 980 2264 Πεζὲι)
997 2211 1158 2251 Humilia
1169 2241 1183 2258 ,
1200 2213 1323 2251 tenuia.
1350 2213 1489 2252 BROD.

681 2266 761 2356 fa}
775 2264 797 2301 l.
815 2278 845 2315 5.
857 2263 1066 2319 Ἐμοιυτοῢ)
1089 2265 1149 2307 Sic
1161 2268 1232 2305 W.
1246 2266 1289 2307 L.
1301 2266 1342 2305 &
1357 2268 1412 2304 Fl.
1439 2267 1480 2306 In
1499 2262 1650 2319 reliquis
1672 2278 1790 2319 prave
1805 2264 1891 2306 ἐαυ-

635 2330 711 2355 τῡυ.
764 2327 893 2357 OLAN.

687 2372 758 2408 ead.
774 2372 796 2408 l.
817 2386 826 2408 1
842 2385 872 2411 t.
886 2367 1046 2425 Εὗνοίοις)
1066 2371 1216 2414 Vitiose
1235 2371 1417 2411 dederunt
1433 2372 1683 2426 posteriores,
1704 2369 1812 2437 Οὖχὶ
1823 2386 1886 2422 μι-

635 2423 728 2464 σέῐοῦ
743 2423 868 2465 ἐλπίδι
885 2424 1154 2476 προσελήλυθας
1167 2424 1266 2475 ἦμῶν
1280 2424 1328 2475 ‘tii
1340 2426 1458 2475 οἰκίᾳ,
1480 2425 1552 2465 τῶν
1570 2426 1607 2466 θ’
1619 2429 1740 2465 ἀλλων
1756 2425 1860 2466 ἕνεκα
1873 2454 1886 2473 ,

633 2475 702 2516 τῆς
714 2473 830 2516 etiaim
841 2477 904 2517 τῆς
912 2478 1001 2527 παρ’
1013 2477 1125 2529 ἡμῶν.
1138 2480 1391 2531 Antiquiores
1404 2492 1540 2519 omnes
1552 2479 1653 2519 testie
1667 2475 1815 2518 εὖνοίας.
1825 2479 1888 2518 Ita

633 2542 717 2584 pag.
733 2529 928 2585 sequenti,
949 2529 1014 2573 οὐκ
1026 2532 1124 2575 aisis
1138 2533 1194 2577 ὅτι
1209 2536 1261 2575 τὰ,
1276 2533 1459 2584 τοιαῦτα,
1472 2536 1610 2576 Χείλεαι
1621 2535 1689 2586 μέν
1704 2534 1738 2574 τ’
1749 2532 1889 2585 {simun
