2015 3490
668 248 760 304 420‘8
871 222 1757 302 ANNoTATIONEs

668 334 750 374 sive
767 333 900 383 κάρυα,
919 335 970 373 ibi
990 349 1155 387 carycae
1170 346 1236 376 aut
1255 338 1497 390 amygdalae,
1515 340 1596 381 five
1615 355 1732 383 nuces
1744 343 1950 394 Graecae:

670 387 848 439 ἰσχάὲες
860 391 877 426 ιι
891 387 1085 442 οἰμωγὴ-λ
1093 405 1138 428 ον.
1152 391 1341 431 MAch..
1357 392 1439 445 lpse
1455 394 1646 435 Lucianus
1658 396 1753 435 infra
1769 398 1807 436 in
1819 399 1940 452 Apol.

669 454 744 493 pro
757 442 934 482 Mercede
950 442 1146 483 conductis
1157 457 1189 483 c.
1208 458 1223 496 5
1238 457 1246 484 ε
1259 444 1393 485 ’Ἄλλοι
1406 445 1452 485 s‘z
1461 451 1504 487 τὸ
1516 447 1581 487 τοῦ
1595 446 1746 490 πιθήκου
1759 453 1939 492 πεπονθέ-

669 509 729 533 νοιι
753 493 950 543 φήσουσιν,
971 496 1009 535 ὃν·
1031 499 1257 549 Κλεοπάτρᾳ
1279 497 1327 547 τῆ
1349 499 1451 538 πάνυ
1475 502 1574 550 φασὶ
1592 504 1789 556 γενέσθαι·
1808 504 1941 545 ἐκεῖνον

668 550 748 600 γὰρ
765 548 1010 599 διδαχθέντα
1032 551 1122 589 τέως
1142 551 1211 600 μὲν
1230 553 1300 603 ὀρχ
1307 552 1438 592 sici-3021
1459 555 1561 593 πάνυ
1581 558 1740 605 κοσμίως
1760 557 1836 598 &c.
1851 559 1940 598 ME·
1984 604 1986 606 v

669 612 778 641 NAG.
792 602 938 642 Fefellit
952 605 1138 643 memoria
1149 605 1463 647 Bourdelotiutn:
1479 621 1558 648 non
1573 610 1672 648 enim
1688 611 1728 649 in
1742 623 1805 659 eo,
1818 625 1937 664 quem

668 655 831 703 indicat,
851 655 983 696 libello
996 687 1005 703 ,
1022 656 1082 696 sed
1096 658 1135 696 in
1146 658 1230 698 Ἀον.
1246 663 1356 708 μισ-θ.
1372 672 1404 699 c.
1425 674 1442 713 5
1466 662 1561 702 hanc
1581 662 1775 703 historiam
1798 665 1947 706 iterum*

670 709 793 749 habet.
813 709 1065 763 Quamquam
1079 723 1206 751 autem
1218 711 1430 765 discrepent
1442 713 1483 753 δε
1493 728 1627 767 regum
1642 720 1801 758 nomina
1814 719 1853 758 &
1866 732 1937 759 nu-

668 777 756 804 cum
770 793 780 809 ,
796 777 875 803 non
889 765 977 803 ideo
991 776 1121 818 putem
1135 765 1301 805 diversas
1311 765 1385 806 effe
1405 767 1586 808 historias.
1600 770 1731 810 Solent
1745 773 1844 811 enim
1859 774 1937 814 viri

669 818 899 857 urbaniores
912 817 1080 864 fabulas,
1095 832 1188 871 quas
1203 819 1316 858 animi
1330 820 1438 860 causa
1452 835 1630 871 narrant,
1651 825 1758 864 varie
1779 825 1941 867 subinde

667 884 998 920 commemorare,
1013 884 1080 911 aut
1093 873 1160 926 ipfi
1170 872 1215 912 de
1228 872 1297 913 suo
1311 874 1488 914 addentes
1500 876 1761 924 dementesve,
1775 879 1820 919 de
1834 893 1934 920 vero

668 939 805 978 parum
821 925 993 971 solliciti,
1009 927 1148 974 modo,
1162 927 1267 979 quod
1280 940 1471 980 quaerunt
1482 960 1492 976 ,
1506 941 1548 969 ut
1560 930 1745 982 placeant,
1759 944 1826 972 aut
1840 947 1936 982 rem,

666 993 785 1032 quam
799 993 937 1032 agunt,
952 979 1160 1026 illustrent,
1175 980 1429 1033 assequantur.
1444 983 1612 1023 Edostos
1628 987 1742 1024 etiam
1764 985 1832 1026 sub
1846 987 1937 1027 Pto-

667 1034 822 1074 lemaeis
836 1034 1130 1086 cynocephalos
1146 1033 1233 1073 talia
1244 1064 1256 1084 ,
1275 1034 1314 1074 &
1330 1036 1478 1075 maiora
1501 1038 1614 1077 etiam
1626 1068 1640 1085 ,
1662 1040 1775 1079 tradit
1788 1040 1875 1081 Ael.
1889 1042 1938 1082 de

669 1088 870 1133 anim.V1,
889 1102 947 1126 10.
965 1087 1122 1127 SOLAN.

722 1142 805 1181 ibid.
819 1147 880 1180 Τις
896 1141 1133 1196 Αἰγύπτιος)
1153 1141 1258 1181 Simii
1282 1140 1501 1193 saltatores;
1521 1145 1598 1186 vid.
1612 1145 1709 1186 infra
1723 1147 1842 1203 Apol.
1860 1162 1933 1201 pro

666 1196 788 1236 Merc.
804 1195 972 1235 GUYET.
1936 1215 1939 1217 >

685 1270 689 1281 ι
723 1253 795 1288 ead.
811 1251 833 1288 l.
855 1263 910 1302 ¹3·
926 1248 1187 1302 Πνρῤιχίζειν)
1205 1249 1280 1289 Pro
1293 1250 1401 1290 omni
1422 1264 1561 1304 genere
1582 1251 1811 1303 saltationis,
1829 1265 1874 1295 ut
1885 1255 1934 1296 id.

669 1305 784 1343 docet
805 1303 887 1355 περὶ
906 1305 987 1356 ὀρχ.
1001 1304 1176 1344 BOURD.

723 1358 769 1395 in.
783 1358 899 1397 Schol.
912 1358 974 1397 col.
992 1372 1024 1395 1.
1038 1358 1060 1396 l.
1080 1372 1114 1405 4.
1135 1353 1264 1409 Bisa)
1286 1357 1349 1396 Ad
1367 1357 1437 1396 alia
1457 1359 1579 1398 verba
1601 1359 1837 1402 referebatur
1857 1362 1934 1403 hoc

669 1411 868 1457 Scholion,
881 1411 941 1450 sed
957 1411 1070 1451 retuli
1083 1412 1128 1450 ad
1142 1411 1319 1458 verbum,
1333 1425 1413 1464 quo
1426 1413 1650 1464 pertinebat,
1664 1414 1704 1454 δι
1716 1415 1841 1456 forsan
1855 1431 1934 1458 συν-

669 1468 792 1516 τόμως
806 1465 1040 1505 scribendum
1053 1495 1063 1511 ,
1082 1478 1155 1516 pro
1172 1465 1365 1515 σύντομος.
1380 1465 1527 1505 Rnrz.

725 1520 817 1573 Pag.
834 1520 955 1572 155.l.
973 1534 1004 1558 1.
1017 1518 1111 1557 ‘To-rb
1127 1518 1284 1571 κέλοτον)
1301 1520 1355 1558 At
1369 1519 1463 1559 infra
1478 1521 1515 1559 in
1529 1519 1626 1573 Ἕρμ.
1637 1535 1659 1562 c
1685 1536 1733 1576 37
1745 1522 1846 1576 legas
1857 1520 1934 1564 ὑπὸ

669 1573 814 1612 κόλπου
826 1604 836 1621 ,
851 1575 990 1612 iterum
1008 1573 1094 1611 ibid.
1111 1587 1144 1612 c.
1159 1572 1181 1612 8
1192 1588 1204 1612 1
1224 1584 1313 1612 ante
1328 1574 1424 1612 med.
1438 1574 1597 1614 SOLAN.

723 1628 813 1680 Pag.
835 1628 919 1677 156.
935 1627 957 1665 l.
978 1641 1008 1665 1.
1024 1626 1203 1676 Ἡρακλῆς
1216 1625 1233 1678 )
1246 1627 1412 1666 Hercules
1431 1626 1465 1664 ὃ*
1475 1629 1600 1680 fimia,
1616 1630 1868 1681 proverbium
1885 1631 1934 1672 de

666 1681 826 1720 minime
849 1681 1163 1732 congruentibus.
1187 1681 1372 1720 Hercules
1394 1682 1496 1720 enim
1518 1682 1684 1733 robore,
1708 1683 1816 1724 simia
1836 1685 1935 1726 dolis

666 1735 785 1774 valet.
797 1735 888 1773 Vid.
903 1733 1045 1773 Erasmi
1059 1734 1215 1774 Chiliad.
1230 1748 1265 1787 p.
1280 1734 1364 1783 187.
1382 1735 1528 1776 Rmz.

720 1791 793 1827 ead.
809 1790 831 1827 l.
849 1803 882 1827 2.
901 1788 1113 1837 Φιλοσοῳεῖν
1132 1788 1319 1841 ἀσκοῦσι)
1334 1788 1393 1828 Sic
1416 1789 1512 1829 bene
1534 1790 1623 1843 legit
1641 1791 1774 1844 interp.
1798 1792 1932 1833 Minus

666 1841 769 1882 reete
783 1842 880 1882 cod.
901 1842 1051 1895 Anglic.
1073 1842 1275 1892 φάσκουσι.
1290 1843 1462 1882 BOURD.
1478 1845 1689 1890 Φιλοσοφεῖν
1708 1846 1933 1901 φάσκουσι)

665 1896 865 1936 Perfistens
886 1895 1012 1935 noster
1027 1896 1064 1935 in
1084 1896 1148 1935 sua
1169 1896 1206 1935 in
1227 1895 1622 1952 pseudophilosophos
1640 1898 1857 1946 inveffiva,
1880 1902 1933 1942 ait

666 1963 735 1989 eos
750 1951 946 1990 veteribus
966 1950 1035 1989 illis
1053 1950 1259 1997 heroibus,
1279 1964 1446 2003 quorum
1462 1950 1498 1990 se
1519 1952 1721 1993 sestatores
1744 1955 1932 1993 mentian-

666 2014 746 2049 tur,
762 2016 836 2043 tam
855 2004 994 2043 similes
1007 2003 1102 2050 effe,
1115 2018 1230 2057 quam
1248 2004 1403 2044 Herculi
1419 2004 1560 2044 simiam
1574 2022 1582 2045 :
1598 2006 1682 2046 dein
1698 2019 1810 2060 rogat
1825 2020 1931 2049 vete-

665 2070 725 2097 res
738 2059 822 2098 illos
835 2057 1095 2111 philosophiae
1107 2057 1373 2111 magistros‚'H
1383 2059 1481 2100 Σιότι
1493 2059 1685 2111 πώγωνας
1697 2059 1851 2112 ἔχουσι,
1861 2063 1929 2102 καὶ

665 2112 877 2162 φιλοσοφεῖν
891 2111 1073 2161 ἀσκοῦσι,
1091 2113 1155 2150 καὶ
1166 2112 1371 2163 σκυθρωποί
1383 2113 1452 2152 εἰσι
1463 2144 1474 2160 ,
1488 2113 1559 2152 eh&
1573 2113 1680 2154 τοῦτο
1694 2115 1770 2168 χρὴ
1786 2115 1870 2165 ὑμῖν
1882 2116 1931 2155 εἰ·

664 2166 784 2217 κέοζειν
798 2167 969 2214 τούτους
985 2166 1065 2206 MS.
1081 2165 1196 2218 Angl.
1215 2165 1402 2206 referente
1415 2167 1672 2208 Bourdelotio
1685 2181 1719 2220 p.
1739 2183 1784 2217 41
1795 2184 1816 2208 2
1829 2200 1840 2217 ,
1854 2183 1929 2222 pro

663 2219 827 2260 ἀσκοῦσι
840 2221 952 2259 habet
966 2221 1176 2270 φάσκουσι,
1194 2221 1234 2260 δι
1255 2220 1321 2259 sua
1336 2234 1495 2273 quoque
1515 2223 1727 2263 convenire
1745 2235 1927 2276 excerpta

663 2274 715 2312 ait
728 2275 773 2314 cl.
789 2274 985 2314 Graevius
1004 2288 1038 2327 p.
1054 2275 1131 2327 969
1142 2303 1152 2320 ,
1168 2273 1366 2313 rek'tiffime
1379 2275 1547 2314 iudicans
1558 2279 1602 2314 το
1624 2276 1817 2326 ’φάσκουσι
1834 2277 1927 2317 huic

660 2326 754 2367 loco
770 2329 1059 2381 congruentius.
1077 2329 1125 2368 Et
1139 2340 1241 2368 certe
1258 2327 1388 2381 paffim
1403 2329 1448 2368 de
1470 2329 1528 2368 his
1546 2328 1927 2383 pseudophilosophis

661 2382 712 2420 ita
728 2381 878 2421 Noster.
900 2382 1032 2422 Statim
1057 2395 1088 2421 c.
1108 2382 1158 2430 46
1170 2413 1181 2430 ,
1197 2380 1326 2421 ἅπασι
1339 2382 1416 2421 τοῖς
1435 2384 1625 2431 φάσκουσι
1642 2384 1857 2434 φιλοσοφεῖν
1873 2385 1926 2425 ἑνο·

662 2437 888 2488 τυγχάνειν·
902 2437 947 2474 de
960 2437 1080 2475 Merc.
1091 2435 1215 2475 Cond.
1232 2449 1264 2475 c.
1283 2450 1348 2483 24,
1363 2439 1451 2487 πρὸς
1466 2439 1528 2474 τον
1542 2437 1750 2486 φιλοσοφεῖν
1763 2439 1925 2488 φάσκον-

660 2503 729 2525 τα·
753 2490 797 2528 de
819 2489 991 2530 Parasito
1007 2503 1090 2542 cap.
1108 2504 1174 2542 52,
1188 2489 1216 2528 οἱ
1228 2490 1439 2538 φιλοσοφεῖν
1452 2491 1676 2538 φάσκοντες.
1692 2491 1872 2532 Similiter
1885 2493 1924 2532 in
1975 2518 1978 2520 -

660 2543 908 2589 Hermotimo
924 2556 955 2583 c.
980 2558 1022 2597 52
1039 2574 1048 2590 ,
1063 2543 1168 2584 ‘0500'
1183 2558 1227 2583 τε
1248 2544 1395 2584 πολλαί
1406 2544 1498 2584 εἰσιν
1516 2544 1578 2585 ἐπὶ
1595 2547 1815 2596 φιλοσοφίαν
1833 2544 1922 2589 {ade-
