2015 3490
222 220 307 267 IN
357 215 1134 267 CONTEMPLANTES.
1229 232 1323 282 397

56 321 179 364 quor:
195 309 328 349 Suidas
348 318 525 347 neutrum
539 305 679 347 omisit.
693 306 862 359 Ὀρόντου
877 304 942 345 τοῦ
954 306 1150 358 σατράπου
1167 304 1234 346 τῆς
1247 307 1324 359 ’Λρ-

54 365 184 416 μενίοις
195 363 364 402 meminit
377 362 559 413 Polyaen.
571 361 644 406 IV,
659 360 699 407 8,
713 364 733 410 §
748 375 764 411 3
780 374 791 407 3
809 359 848 398 δι
860 360 1010 399 alterius
1024 359 1098 398 v11
1111 389 1125 406 ‚
1144 374 1186 412 13
1203 361 1242 399 &
1260 374 1319 408 14.

57 418 122 458 De
133 417 355 456 Maeandrio
370 416 458 454 vide
472 416 518 454 ad
534 429 570 467 p.
588 427 636 452 20
648 444 662 460 ‚
675 414 699 452 l.
710 428 748 464 9.
773 413 857 465 Qui
872 412 1082 465 Malavspof
1096 425 1180 453 erat
1195 414 1232 452 in
1249 415 1325 466 pri-

57 470 128 512 scis
142 469 330 510 Herodoti
341 468 422 508 edd.
437 466 661 519 Maeaavspaov
684 466 777 506 fecit
789 479 836 506 ex
849 465 945 506 Cod.
959 467 1063 506 Med.
1077 466 1152 506 Iac.
1167 466 1325 507 Grono-

58 526 159 566 vius.
185 524 350 562 HEMST.
952 564 973 573 Ν
1215 566 1217 568 ,

113 580 187 616 ead.
206 577 233 615 l.
252 589 308 615 10.
327 567 442 626 Εὖγε,
455 568 481 613 (ἶ
498 572 641 621 Κλωθοῖ,
655 572 829 626 γενικῶς)
846 571 916 611 Ms.
931 574 1021 626 εὑγε
1036 572 1326 627 Κλωθοῖ-γενικὴ,

59 631 181 683 vulgo
195 628 362 683 γενικῶς.
385 627 504 679 Quae
528 638 654 666 autem
675 625 908 679 generofitas
930 627 968 665 in
992 627 1179 679 capitibus
1200 628 1326 667 homi-

59 698 152 725 num
165 682 392 725 truncandis,
408 682 449 721 δι
462 681 549 733 palo
564 679 803 732 suffigendis?
817 679 888 719 Sed
900 678 1001 720 forte
1015 680 1118 720 scrib.
1133 682 1327 734 γεννικῶς,

57 737 348 793 Ιίνεηιιε,](ὸηὶῑεν.
361 735 460 775 Mox
470 734 591 774 scribe
603 731 694 781 νήσῳ
709 734 743 773 ἐν
756 733 937 786 ἀμφιρύτῃ
952 747 1000 773 ex
1012 735 1173 774 Homer.
1185 734 1324 786 Odyss'.

50 795 113 839 -A,
125 805 161 831 v,
173 804 236 840 40.
253 791 396 828 minuta
409 789 503 827 haec
522 787 621 836 sunt,
642 786 703 826 sed
713 798 841 826 tamen
856 800 1012 835 omnes,
1028 801 1123 840 quas
1135 789 1233 836 vidi,
1249 789 1325 827 edi-

59 846 185 886 tiones
198 845 408 896 deturpant.
429 841 549 894 Quae
572 842 618 881 de
630 840 855 880 Maeandrio
870 841 1067 880 dominum
1080 841 1190 881 suum
1206 841 1328 893 Poly-

61 910 202 940 cratem
217 897 401 950 prodente
414 895 540 935 scribit
552 925 564 941 ,
583 908 664 934 non
678 895 857 947 leguntur
869 894 969 947 apud
979 895 1223 934 Herodotum
1234 923 1246 941 ,
1266 896 1328 935 sed

62 966 113 993 ex
137 952 212 991 alio
235 949 431 990 Historico
450 949 512 988 illa
530 947 666 988 hausit.
691 948 809 1000 Apud
835 948 1081 988 Herodotum
1105 948 1237 1001 sponte
1260 948 1328 989 sua

62 1003 312 1060 proficiscitur
346 1003 570 1054 Polycrates
597 1002 642 1041 ad
669 1001 870 1041 Oroetem.
900 1001 1074 1041 GRAEV.
1108 1004 1190 1041 Aut
1220 1003 1328 1043 aliter

64 1059 305 1105 vertendum,
318 1070 433 1109 quam
448 1055 538 1095 fecit
552 1055 777 1095 Benedictus
788 1083 801 1100 ,
822 1068 907 1094 nem
938 1068 959 1095 e
970 1055 1121 1109 generose
1129 1072 1145 1102 ;
1158 1068 1227 1096 aut
1239 1056 1330 1097 scri-

0 1140 1 1161 2
63 1113 233 1154 bendum
246 1109 843 1164 ysvmnzsmtinTyrannicida:
860 1105 898 1148 οὗ
933 1109 1213 1163 ’ἑπιχειρεῖντις
1224 1111 1331 1149 ἐτόλ-

0 1166 2 1211 ἒ
62 1181 124 1218 μοι
136 1165 209 1220 τῶν
221 1163 404 1218 γεννικῶν.
430 1163 473 1202 In
496 1164 674 1202 Vitarum
698 1161 894 1201 auffione:
921 1164 994 1208 βίον
1014 1163 1180 1216 ἁνέρικὸν
1198 1165 1331 1212 πωλῶ,

64 1221 138 1267 βίον
152 1221 298 1271 ἄριστον
309 1217 374 1256 καὶ
385 1216 555 1271 γεννικόν.
571 1216 615 1255 In
625 1215 915 1256 Pseudomante:
938 1217 1038 1257 ’πάνυ
1055 1217 1232 1271 γεννικῶς
1245 1233 1330 1271 καρ-

66 1270 235 1327 τερήσας.
254 1268 354 1312 Nam
370 1271 510 1324 placuit
525 1283 570 1310 ea
584 1283 666 1310 vox
685 1269 844 1309 auctori.
862 1269 1007 1311 GRON.
1033 1271 1222 1324 Γεννικῶς)
1247 1272 1333 1323 Sic,

66 1338 111 1368 ut
125 1326 325 1367 emendare
348 1324 524 1364 iufferant
542 1324 621 1364 viri
635 1324 750 1372 doffi,
763 1323 820 1363 ed.
835 1325 865 1363 I.
879 1324 1070 1377 Reliquae
1082 1325 1219 1365 vitiose
1230 1340 1333 1378 ‘yem-

51 1380 158 1428 πῶς,
178 1379 245 1419 nifi
259 1379 365 1432 quod
382 1378 431 1418 G.
444 1378 485 1417 &
498 1378 535 1417 Ρ.
554 1377 684 1431 ’γενικὴ
698 1407 708 1426 ,
732 1379 844 1416 etiam
868 1391 1001 1430 prave.
1026 1379 1183 1418 SOLAN.
1211 1380 1332 1432 Quae

66 1434 161 1474 Vol.
176 1433 220 1480 Ι,
242 1447 280 1486 p,
299 1431 386 1477 181,
399 1430 601 1471 observata
616 1431 722 1477 sunt,
743 1432 967 1471 adverbium
981 1432 1056 1472 hoc
1070 1433 1185 1472 unius
1200 1434 1333 1474 literae

67 1486 278 1529 acceffione
296 1486 607 1538 locupletandum
624 1485 698 1525 effe
719 1484 804 1525 satis
821 1487 1007 1538 probant:
1035 1499 1155 1539 opera
1171 1500 1255 1527 mea
1269 1487 1334 1526 su-

66 1540 262 1595 persedere
276 1539 451 1585 licuisset,
465 1539 493 1578 fi
505 1550 588 1580 tum
601 1540 647 1578 ad
659 1552 813 1578 manum
827 1538 992 1586 fuiffent‚
1007 1553 1107 1592 quae
1120 1540 1232 1580 ἀοξὶε
1245 1540 1333 1580 scri·

68 1595 141 1649 ps1t
156 1595 216 1636 vir
238 1594 404 1634 eximius
423 1594 535 1633 Laur.
557 1594 787 1632 Norrmann.
803 1594 850 1632 ad
871 1593 1016 1632 Thom.
1041 1594 1145 1646 Mag.
1170 1595 1332 1635 Laudat.

71 1649 238 1702 Gregor,
251 1648 427 1687 Nazianz.
441 1660 526 1700 pag.
539 1644 637 1697 “167‚
654 1646 743 1692 168,
753 1647 834 1694 ubi,
849 1646 1054 1699 postquam
1066 1648 1112 1687 de
1124 1652 1277 1700 ’γενικὸς
1291 1649 1334 1689 δι

70 1705 238 1757 ’γεννικὸς
251 1703 343 1754 egit,
361 1717 400 1740 ne
413 1701 565 1740 adverbio
578 1700 769 1754 γεννικῶς,
784 1701 1022 1753 hablenusfine
1041 1713 1126 1740 certo
1139 1703 1209 1741 lare
1220 1717 1261 1741 ac
1268 1717 1335 1754 pa·

70 1769 168 1796 trono
181 1756 357 1802 oberranti,
373 1755 630 1807 ἀπροστασίου
646 1754 837 1807 fhrtaffian
848 1755 1056 1807 impingatur
1067 1757 1143 1794 dica
1155 1786 1166 1804 ‚
1182 1756 1269 1807 suos
1283 1757 1336 1795 illi

68 1811 168 1850 etiam
176 1821 315 1864 penates
331 1809 539 1861 vindicesque
553 1811 668 1847 reddit.
691 1809 751 1847 Ne
772 1808 832 1848 hic
848 1809 1000 1860 quidem
1018 1810 1127 1849 locus
1148 1810 1229 1849 eius
1253 1811 1336 1849 dili-

69 1864 236 1917 gentiam
251 1862 407 1915 effugit3
422 1876 504 1915 quo
518 1862 665 1916 posito,
682 1863 807 1910 Iunta,
822 1863 949 1915 inquit
960 1892 971 1910 ‚
990 1862 1176 1917 γεννικῶς·
1199 1864 1335 1912 Aldus,

71 1916 237 1971 γεννικῇ.
265 1918 428 1956 HEMST.

124 1974 197 2012 ead.
208 1971 231 2013 l.
243 1985 301 2010 12.
314 1971 366 2010 Ἐν
378 1968 566 2022 τοσούτῳ)
584 1969 764 2009 Errorem
778 1969 1029 2023 interpretum
1052 1969 1269 2023 perstrinxit
1287 1971 1332 2011 L.

71 2024 151 2065 Bos
166 2025 235 2064 Ell.
252 2024 322 2065 Gr.
338 2038 375 2077 p.
392 2036 480 2063 200.
504 2024 667 2062 HEMST.
868 2056 872 2061 .

126 2079 205 2117 ibid.
227 2076 495 2129 Ἐπικιρέσὲιων)
508 2078 818 2128 Ἐπαιρὲσὲιωσαν.
837 2078 976 2117 BROD.
993 2078 1192 2118 Probanda
1208 2079 1336 2118 omni-

73 2145 128 2173 no
140 2132 193 2172 est
202 2131 419 2172 emendatio
436 2130 600 2171 Brodaei
618 2132 657 2169 in
669 2130 826 2171 Miscell.
838 2132 894 2171 lX
904 2164 915 2181 ‚
926 2146 958 2172 c.
977 2146 1035 2179 10,
1050 2132 1209 2185 legentis
1226 2133 1338 2172 ἐπαι-

71 2187 277 2239 pios-mom.
301 2185 568 2237 Praeterquam
586 2185 685 2224 enim
709 2186 814 2237 quod
831 2188 871 2226 &
887 2186 924 2224 in
945 2186 1279 2239 praecedentibus,
1294 2186 1337 2226 δε

77 2239 338 2293 sequentibus,
354 2251 434 2278 non
447 2238 515 2277 nisi
525 2239 562 2277 in
573 2238 707 2291 plurali
721 2238 765 2278 fit
774 2238 1000 2286 sermo‚non
1014 2241 1059 2278 ad
1075 2240 1172 2279 duos
1184 2251 1335 2279 tantum

12 2312 13 2315 ¹
76 2293 126 2341 id,
142 2293 247 2346 quod
263 2293 325 2333 hic
335 2293 482 2341 dicitur,
497 2291 750 2338 referendum,
765 2291 825 2332 sed
837 2294 882 2332 ad
897 2307 1031 2332 omnes
1045 2294 1131 2333 illos
1144 2295 1338 2346 impoten-

77 2358 134 2387 tes
151 2347 193 2386 &
204 2347 371 2386 tumidos
383 2358 567 2386 terrarum
583 2346 758 2386 dominos
767 2377 777 2393 ‚
791 2347 836 2387 de
849 2348 990 2400 quibus
1003 2346 1161 2387 Charon
1177 2348 1217 2387 δε
1231 2349 1339 2387 Mer-

78 2401 208 2440 curius
219 2410 306 2440 ante
319 2399 470 2440 fuerant
481 2400 600 2440 locuti
612 2414 624 2447 ;
638 2401 683 2439 ad
697 2399 884 2440 Croesum
902 2414 1052 2454 nempe,
1067 2401 1220 2453 Cyrum
1234 2432 1245 2449 ,
1257 2402 1341 2440 To-

17 2464 19 2466 ’
83 2454 236 2505 myrin,
250 2453 472 2506 Cambysen
482 2483 494 2502 ,
507 2453 765 2505 Polycratem.
792 2455 843 2492 Hi
859 2466 900 2494 ut
915 2456 959 2494 ad
975 2454 1193 2493 altiffimum
1215 2454 1339 2494 ascen-

84 2508 173 2547 dant
187 2507 387 2562 fastigium,
399 2518 573 2562 precatur
584 2508 743 2549 Charon
751 2507 910 2558 Clotho,
923 2523 1003 2563 quo
1015 2508 1184 2550 miserius
1192 2509 1340 2562 postea,
