2015 3490
184 259 254 303 IN
272 259 399 304 PRO
418 255 614 303 LAPSU
630 253 829 302 INTER
847 255 1198 302 SALUTAND.
1268 257 1322 321 58
1333 272 1352 320 5

95 344 241 384 abesse:
263 355 391 384 tamen
407 344 555 397 planior
568 343 620 383 est
641 345 766 384 oratio
778 373 791 392 ,
815 343 844 382 st
858 344 1028 393 addatur,
1045 345 1085 384 δι
1100 345 1240 397 πρῶτον
1254 346 1360 385 valet

95 399 283 450 πρότερον,
309 398 449 437 REsz.
948 425 951 427 -

153 450 411 503 Pag.288.l.1.
422 450 536 502 Χαῖρ’,
546 444 571 489 (ἶ
583 449 776 503 sumam)
787 451 974 505 Euripidis
985 451 1206 492 versiculus.
1218 452 1356 491 BROD'.

97 504 210 544 Unde
224 505 381 551 habeat,
403 505 600 543 incertum.
623 504 780 543 SOLAN.

96 610 122 652 S
149 559 222 596 ead.
235 559 259 598 l.
272 573 310 608 4.
323 555 426 609 Χαῖρ’
441 555 623 610 Ἀχιλεῦ)
643 558 760 597 Hom.
775 556 816 596 11.
831 563 856 596 Ι.
874 557 1013 598 BROD.
1034 557 1151 599 Hom.
1168 559 1208 599 ii.
1226 564 1254 605 I,
1269 572 1358 611 225.

125 621 255 650 OLAN.

151 668 225 703 ead.
239 665 261 702 l.
277 678 314 715 7.
327 663 476 716 Χαίρετ’
490 664 565 716 ἐγὼ
576 663 612 703 8³
629 662 733 717 ὑμῖν)
751 662 895 704 Versus
908 663 961 703 est
974 664 1229 717 Empedoclis,
1241 679 1358 718 quem

98 716 161 756 lib.
174 717 498 770 Epigrammatum
510 717 751 757 Graecorum
769 719 913 770 primo,
941 718 1054 757 titulo
1070 718 1119 757 εἰς
1134 720 1359 769 φιλοσόφους

95 769 279 810 offendes.
292 772 430 811 BROD.
447 771 590 810 Versus
599 771 735 818 nobilis
749 771 1000 823 Empedoclis,
1015 785 1036 810 e
1053 773 1132 811 vita
1145 773 1191 810 ad
1203 783 1357 824 tempus

97 824 341 870 discedentis,
367 825 466 877 apud
486 823 658 864 Philostr.
676 825 721 864 de
740 825 822 863 vita
842 825 1026 875 Apollon.
1054 839 1086 872 1,
1112 840 1148 870 1,
1175 828 1215 865 δι
1238 825 1363 877 Diog-

98 877 226 918 Laert.
239 878 335 926 8,62
347 878 384 917 &
396 879 458 917 66.
472 877 514 917 It.
528 877 686 917 Sextum
698 878 839 931 Empir.
852 879 936 916 adv.
946 878 1076 918 Gram.
1090 878 1118 926 Ι,
1129 877 1359 930 309..”Ὑμμιν

97 943 148 970 ex
158 932 333 980 Aeolica,
341 945 417 984 qua
428 931 515 970 usus
523 931 574 970 est
585 931 846 983 Empedocles,
854 931 1011 971 dialeclo
1019 933 1218 984 legendum
1227 946 1361 972 monet

99 985 145 1025 ad
156 985 326 1025 Philostr.
341 985 364 1023 1.
380 998 412 1024 c.
428 984 621 1024 Olearius.
641 984 865 1034 Πωλεῦμαι,
886 986 991 1037 quod
1007 986 1131 1025 omisit
1143 986 1360 1032 Lucianus,

99 1039 139 1079 in
159 1038 336 1078 versione
351 1038 532 1092 supplevi.
557 1038 741 1078 Ceterum
766 1040 805 1077 in
830 1039 1076 1081 valedicendo
1097 1042 1210 1079 etiam
1225 1039 1361 1091 Cyrus

99 1093 268 1132 moriens
284 1093 458 1144 Χαίρετε,
473 1093 594 1144 inquit
606 1122 619 1138 ‚
643 1087 669 1131 Z>
683 1093 782 1142 φίλοι
808 1092 948 1132 παῖδες
962 1107 997 1131 κ.
1011 1107 1046 1132 τ.
1070 1105 1106 1131 Λ.
1129 1093 1242 1133 &ille
1259 1095 1360 1145 apud

98 1145 378 1186 Callimachum
391 1145 664 1185 Cleombrotus
678 1146 813 1193 E'a‘ws,
826 1142 906 1185 {ime
927 1145 1039 1198 χαῖρε
1055 1147 1362 1202 ἃςᾶυῐτυωᾳιιε

98 1199 268 1252 iungitur
280 1200 317 1239 in
329 1200 393 1239 illo
406 1200 572 1239 Menelai
588 1198 724 1251 Odyff.
744 1204 789 1247 Ο,
807 1197 890 1247 ιςί,
912 1200 1097 1251 Χαίρετον,
1110 1203 1135 1238 ὠ
1149 1203 1274 1251 κούρω,
1295 1203 1362 1240 καὶ

101 1252 253 1305 Νέστορι
270 1253 413 1303 ποιμένι
426 1252 526 1292 λαιῶν
545 1252 682 1299 Horeb,
701 1254 816 1292 Valere
826 1253 998 1304 &fizlvere
1011 1254 1126 1293 iubete.
1139 1253 1267 1294 GESN.
1284 1254 1361 1294 Pro

99 1305 212 1357 ὔμμιν
226 1305 296 1346 Mfi
311 1307 408 1359 Reg.
425 1321 473 1359 29
482 1321 528 1357 54
548 1306 662 1346 habet
685 1303 775 1356 εἶμι.
913 1333 917 1338 -

153 1361 258 1399 ead.l.
275 1374 290 1399 1
300 1374 332 1399 2.
345 1361 502 1411 Χαίρετ’,
517 1359 606 1413 Mn)
621 1361 749 1413 Eurip.
763 1358 949 1399 Phoeniff.
967 1360 1076 1409 1462.
1093 1360 1250 1400 SOLAN.
1264 1362 1360 1401 Ver-

99 1411 182 1454 sum
199 1414 303 1454 hunc
312 1427 360 1453 ex
376 1414 506 1467 Eurip.
520 1412 703 1453 Phoeniff.
715 1413 788 1454 effe
802 1413 1015 1453 desumtum
1026 1444 1037 1462 ,
1049 1415 1229 1454 indicavit
1245 1416 1358 1455 etiam

100 1467 253 1508 Brod.l.
275 1466 384 1519 saepe
406 1467 720 1507 commonstrato.
738 1467 905 1507 Videtur
928 1469 1028 1508 hunc
1047 1468 1210 1508 Solanus
1233 1469 1359 1508 noster

99 1520 138 1564 in
151 1521 375 1561 adducendis
394 1525 597 1574 poetarum
611 1522 708 1561 locis
724 1521 833 1573 saepe
852 1521 985 1561 ducem
1003 1521 1169 1569 secutuS,
1193 1521 1259 1561 etsi
1278 1524 1360 1561 eius

101 1587 191 1614 raro
205 1574 314 1616 faciat
326 1576 560 1617 mentionem
572 1589 584 1622 ;
595 1574 615 1613 s
610 1576 654 1614 ed
666 1576 756 1627 quia
769 1575 883 1614 Brod.
897 1588 1076 1614 numeros
1091 1575 1268 1615 versuum
1277 1590 1358 1615 non

102 1628 216 1677 addit,
228 1628 321 1668 alter
330 1641 398 1668 eos
413 1629 583 1670 addendo
594 1629 672 1669 illas
685 1629 886 1668 citationes
896 1628 962 1667 fibi
974 1628 1178 1668 vindicasse
1189 1631 1362 1677 videtum

100 1690 216 1734 quam
229 1683 263 1722 ei
278 1682 439 1736 gloriam
454 1683 639 1722 interdum
655 1682 934 1735 relinquemus,
957 1696 1036 1722 non
1054 1683 1198 1735 ubique
1213 1682 1359 1722 easdem

100 1737 302 1776 citationes
320 1737 534 1789 repetituri:
551 1736 634 1788 plus
654 1736 755 1775 enim
770 1736 997 1776 Solanianae
1020 1737 1231 1789 diligentiae
1249 1738 1360 1776 debe-

101 1799 178 1834 tur,
192 1790 310 1842 qui&
321 1790 443 1829 multa
457 1803 523 1841 per
537 1790 573 1829 se
586 1790 746 1837 invenit,
760 1789 800 1828 δι
814 1789 921 1842 saepe
934 1803 980 1829 ne
993 1788 1194 1830 sefflonem
1208 1791 1359 1843 quidem

100 1843 271 1886 auctoris
281 1843 471 1883 indicante
485 1845 686 1890 Brodaeo,
699 1854 823 1882 tamen
838 1843 969 1883 locum
984 1844 1187 1896 indagavit.
1204 1844 1360 1883 Interim

102 1897 241 1936 iniuria
255 1896 361 1937 fieret
372 1898 588 1946 veteribus,
601 1896 628 1936 si
641 1896 797 1950 semper,
812 1898 878 1936 ubi
890 1897 948 1936 bis
963 1908 1020 1937 ter
1033 1898 1128 1936 idem
1148 1897 1245 1936 dfflu
1252 1911 1286 1936 m
1301 1899 1361 1936 in-

101 1951 234 1999 venio,
253 1964 391 1991 eorum
405 1952 637 1991 mentionem
649 1952 864 1990 omitterem
875 1966 887 1999 3
899 1964 986 1990 nam
1000 1952 1040 1991 ἂ
1051 1961 1180 2004 patere
1190 1960 1361 2004 oportet,

103 2004 203 2044 unde
217 2005 448 2044 recentiores
468 2003 711 2057 profecerint.
731 2005 873 2044 REITz.

157 2058 247 2112 Pag.
262 2057 348 2111 289.
365 2060 388 2097 l.
406 2073 438 2098 1.
455 2059 623 2112 Πρῶτος)
648 2059 739 2097 Non
757 2060 905 2111 primus,
925 2067 1011 2098 cum
1035 2070 1122 2098 ante
1145 2070 1234 2096 eum
1256 2058 1358 2110 apud

103 2112 322 2153 Homerum
341 2112 463 2164 ipsum
477 2112 689 2164 legeretur,
711 2113 814 2165 quod
829 2112 906 2164 ipse
924 2112 1118 2152 Lucianus
1138 2111 1253 2164 paulo
1275 2122 1361 2151 ante

103 2164 333 2205 observavit.
362 2165 473 2217 Quid
495 2178 588 2218 ergo
607 2165 675 2204 sibi
695 2167 768 2205 iam
784 2165 889 2205 vult?
913 2167 976 2205 An
989 2166 1268 2205 Marathoniam
1283 2178 1363 2217 pu«-

102 2231 215 2271 gnam
234 2230 321 2258 ante
334 2220 550 2258 Homerum
571 2218 676 2260 fuisse
692 2220 848 2259 credidit
859 2220 1071 2259 Lucianus?
1092 2220 1202 2258 Bona
1225 2219 1356 2257 verba.

105 2272 219 2324 Quid
235 2271 351 2325 ergo?
370 2272 519 2312 Dicam.
544 2273 740 2325 Quamvis
760 2286 841 2312 non
861 2272 946 2312 satis
967 2284 1116 2324 aperte,
1136 2286 1186 2312 eo
1201 2272 1274 2310 iam
1297 2272 1361 2311 diu

105 2327 294 2370 orationis
312 2325 422 2366 series
435 2327 571 2375 tendit,
585 2338 625 2366 ut
639 2328 840 2380 quomodo
857 2325 1020 2366 formula
1038 2328 1129 2365 haec
1141 2355 1151 2371 ‚
1168 2338 1265 2377 quae
1286 2326 1362 2377 pri-

104 2392 171 2418 mo
185 2380 328 2432 legibus
340 2379 444 2432 quasi
457 2380 578 2421 soluta
589 2382 696 2419 omni
712 2381 874 2432 tempori
886 2392 971 2431 apta
983 2379 1214 2426 censebatur,
1226 2392 1364 2431 coepe-

104 2433 154 2473 rit
166 2431 449 2485 compellationi
463 2434 503 2473 &
516 2434 759 2487 epistolarum
774 2435 936 2473 exordiis
949 2434 1100 2487 propria
1114 2432 1195 2472 fieri
1210 2463 1220 2478 ,
1238 2432 1364 2471 osten-

105 2485 180 2524 dat.
196 2486 320 2526 Cuius
334 2487 387 2526 rei
399 2488 545 2527 initium
561 2501 582 2526 a
595 2488 811 2541 Phidippide
825 2488 862 2526 in
881 2487 1067 2532 sermone,
1081 2487 1120 2526 &
1133 2499 1156 2524 a
1167 2485 1312 2525 Cleone
1324 2486 1362 2523 in

106 2539 273 2598 epistolis
287 2540 454 2594 affignat.
472 2541 646 2585 Pluribus
659 2542 752 2582 haec
763 2541 949 2596 explicare
961 2540 1116 2584 coadius
1130 2539 1227 2589 sum,
1240 2540 1326 2592 quia
1340 2551 1362 2582 a
