2015 3490
641 245 728 304 586
835 217 1698 297 ANNO'TATIONES

634 331 834 377 clariffimo
846 333 1034 386 Euripidis
1053 333 1198 372 editore
1220 345 1298 373 non
1312 334 1390 373 fine
1402 334 1523 387 specie
1535 336 1633 375 vitio
1644 337 1736 377 haec
1751 337 1893 378 Luda-

634 398 688 424 no
701 386 909 425 dabantur
904 399 939 425 m
956 388 1056 425 notis
1071 388 1115 425 ad
1131 386 1266 426 Eleetr.
1285 401 1323 426 V.
1345 401 1455 440 ¹357·
1480 389 1638 428 SOLAN.

643 439 646 444 '
686 439 764 477 ibid
781 439 1044 479 Φιλιππίδης
1029 456 1045 477 ο
1061 437 1371 494 ἦμεροὸρομίνσκς)
1386 442 1557 480 Erratum
1568 442 1621 481 est
1634 442 1858 504 saepiffime
1849 457 1890 484 m

635 494 789 531 nomine
805 494 885 532 eius
901 494 996 532 viri:
1014 495 1136 532 multo
1150 493 1283 532 melius
1294 495 1482 534 Herodot.
1500 495 1523 533 l.
1538 496 1611 541 Vl,
1625 498 1690 547 qui
1705 509 1795 536 eum
1812 502 1893 537 Φει-

634 544 824 585 δίππιὸην
841 558 967 586 vocat.
995 547 1149 586 Nomen
1165 547 1299 600 procul
1319 547 1436 587 dubio
1456 549 1489 587 ei
1503 548 1720 612 impositum
1736 550 1789 588 ob
1805 563 1893 589 cur-

633 597 693 638 sus
708 599 960 646 celeritatem,
985 612 1118 652 utpote
1141 614 1207 652 qui
1222 599 1354 639 cursor
1374 602 1535 640 eximius
1554 600 1678 640 ι’ππου
1700 602 1891 650 ἐφείδετο,

634 653 699 692 cui
714 665 793 692 non
804 666 902 706 opus
915 664 995 692 erat
1006 666 1120 706 equo.
1134 653 1193 693 Sic
1205 655 1304 693 enim
1318 650 1475 695 Graecis
1488 655 1642 694 nomina
1654 655 1761 708 saepe
1774 656 1841 695 ab
1834 669 1894 694 tn-

633 705 766 746 stituto
785 707 826 746 δι
838 708 1114 747 exercitatione
1127 708 1431 759 imponebantur.
1448 707 1508 748 Sic
1520 709 1715 748 Πηνελόπη
1729 712 1808 748 ἀπο
1823 709 1892 748 τοῦ

635 760 764 799 λέπειν
779 775 844 801 την
858 761 986 801 πὴνην.
1020 761 1080 800 Sic
1096 761 1278 823 Ἠλέκτρα.
1296 761 1366 800 διὰ
1380 765 1422 800 τὸ
1443 761 1558 801 πολυν
1574 762 1700 820 χρόνον
1716 763 1893 815 ἄλεκτρον

634 808 739 852 εἶναι.
766 814 826 854 Sic
843 814 1076 880 Μελέαγρος
1070 814 1125 852 ότι
1135 809 1238 861 αὖτῳ
1247 813 1332 876 μέλ
1324 829 1353 853 ει
1370 828 1433 853 της
1446 813 1576 878 ἄγραις
1582 831 1646 854 του
1661 815 1893 855 Καλυδωνίου

635 866 789 919 κάπρου.
805 867 888 907 Sic
890 866 1093 935 Ηρακλυς,’
1086 869 1142 905 ότι
1160 866 1229 905 διὰ
1242 869 1307 907 την
1315 863 1424 918 Ἥρων
1436 869 1551 906 κλέος
1557 867 1635 920 ἔσχ
1640 883 1667 907 ε.
1682 868 1742 908 Sic
1754 869 1892 908 Πολυί-

633 919 662 959 ὃ
664 935 714 967 05,
732 921 801 959 διὰ
818 936 860 960 το
879 924 1017 972 μάντις
1030 921 1074 959 ὢν
1088 922 1221 959 πολλὰ
1241 920 1312 960 ise.
1340 921 1403 961 Sic
1427 926 1520 960 Βελλ
1510 922 1710 973 εροφὸντης
1733 921 1810 961 ἀπο
1825 922 1893 962 τοῦ

633 975 805 1025 Βελλέρου
818 974 941 1023 φόνου.
960 973 1042 1014 Sic
1044 974 1334 1025 Ὑπέρμιηστροι
1326 974 1384 1014 ότι
1399 972 1489 1026 υπὲς
1500 974 1699 1026 μνηστῆρος
1718 978 1892 1028 Λυγκέως

633 1026 849 1067 ἑκιιέύνευε·
865 1029 903 1067 δι
919 1027 1090 1068 sexcenta
1104 1029 1203 1068 talia.
1225 1028 1358 1067 PALM.
1379 1027 1455 1067 Etsi
1470 1029 1655 1068 Palmerio
1671 1028 1894 1082 Solanoque

633 1081 744 1132 plane
755 1081 945 1128 assentior,
958 1081 1212 1121 Φειδιππίδης
1221 1081 1471 1132 scribendum,
1483 1094 1561 1121 non
1574 1083 1824 1129 omem-ism,
1837 1096 1895 1122 re-

634 1134 729 1187 liqui
741 1146 867 1175 tamen
877 1136 1094 1188 vulgatum,
1105 1136 1194 1187 quia
1207 1136 1391 1175 interdum
1404 1149 1483 1174 non
1496 1134 1650 1175 insuave
1664 1134 1716 1174 est
1730 1135 1896 1176 eiusmo-

633 1189 669 1226 di
683 1201 831 1228 errores
843 1202 966 1242 ‚quos
979 1189 1025 1227 ab
1039 1188 1124 1241 ipsis
1138 1184 1356 1228 auetoribus
1371 1188 1563 1241 profestos
1581 1189 1731 1235 credas,
1753 1189 1891 1242 legere.

637 1243 689 1281 V.
702 1241 798 1281 infra
810 1256 843 1282 c.
860 1242 899 1289 8,
914 1246 1082 1282 Eumenes
1097 1242 1287 1282 Cardianus
1298 1244 1338 1282 δι
1350 1243 1542 1282 Sardianus
1556 1241 1725 1282 confusa.
1742 1243 1893 1283 REITZ.

686 1299 758 1334 ead.
770 1298 793 1334 l.
811 1309 841 1348 5.
856 1295 1086 1336 Eut-samem
1071 1295 1136 1357 εῖν)
1159 1296 1363 1336 Valkenar.
1377 1297 1425 1335 ad
1439 1296 1628 1336 Herodot.
1647 1296 1726 1342 VI,
1746 1309 1783 1349 p.
1799 1296 1892 1346 487,

633 1350 860 1389 coniiciebat
877 1348 1122 1389 {umectum
1148 1349 1210 1388 Sic
1225 1350 1436 1389 Lucianus
1429 1363 1466 1388 m
1481 1351 1654 1389 Hermot.
1675 1362 1756 1415 cap.
1771 1362 1837 1402 75,
1853 1364 1892 1402 p.

639 1416 728 1449 101,
740 1402 1044 1445 &amoma-novos
1065 1404 1156 1442 ταῖς
1171 1404 1314 1444 ἐλπίσι.
1338 1405 1438 1444 Mox
1458 1404 1629 1453 mallem,
1649 1403 1714 1442 καὶ
1736 1400 1822 1453 ξἰμα.
1835 1403 1891 1454 τῷ

636 1458 783 1510 χαίρειν
797 1455 1009 1497 ἑκπνευσαι.
1034 1458 1079 1496 Β.
1094 1460 1132 1496 de
1146 1458 1240 1495 Ball.

689 1514 761 1549 ead.
774 1513 796 1549 l.
810 1511 846 1550 6.
863 1511 1000 1564 Κλέων)
1020 1511 1108 1551 Vid.
1128 1511 1251 1551 Schol.
1266 1509 1419 1562 Aristop
1423 1510 1459 1549 h.
1475 1510 1521 1548 ad
1537 1510 1666 1550 dorsus.
1686 1511 1808 1549 κώλων
1824 1525 1889 1551 στ.

632 1563 671 1602 in
685 1564 814 1611 Pluto,
833 1565 893 1604 &
886 1578 923 1604 m
936 1565 1037 1604 Nub.
1053 1579 1089 1618 p.
1108 1566 1192 1605 162.
1208 1565 1254 1604 Et
1270 1564 1386 1616 Diog.
1397 1525 1529 1603 pLaert
1548 1564 1708 1603 Platone
1717 1577 1758 1668 p
1775 1563 1891 1613 84Α.

634 1618 682 1657 Et
693 1618 836 1658 Thom.
850 1619 906 1658 M.
922 1633 961 1657 v.
981 1620 1133 1679 χαίρειν.
1150 1618 1305 1658 SOLAN.
1323 1577 1468 1657 Tghom.
1479 1618 1581 1670 Mag.
1601 1632 1639 1657 v.
1652 1633 1745 1670 χωρ
1747 1632 1797 1656 ειν
1816 1618 1888 1658 ait:

636 1674 785 1723 χοιίρειν
811 1673 846 1712 ἐν
871 1671 1057 1722 ἐπιστολῇ
1082 1673 1243 1710 Πλάτων
1265 1671 1423 1724 λέγεται
1446 1686 1495 1724 γρ
1499 1651 1602 1721 &xlia
1624 1687 1675 1722 πρ
1679 1673 1785 1710 ὦτος·
1823 1672 1891 1710 καὶ

635 1726 754 1764 Κλέων
763 1724 971 1772 Ἀθηναίοις,
984 1727 1091 1777 μετὰ,
1104 1741 1147 1764 το
1162 1725 1292 1770 λαβειν
1308 1725 1372 1764 τὴν
1394 1725 1527 1764 Πύλον.
1550 1723 1620 1764 Sed
1643 1724 1717 1763 falli
1733 1723 1796 1777 (de
1809 1724 1892 1764 Pla-

634 1780 750 1838 tone)
774 1779 992 1826 Thomam,
1005 1778 1182 1819 observat
1196 1780 1398 1831 Menagius
1421 1779 1466 1817 ad
1483 1778 1601 1830 Diog.
1628 1779 1754 1819 Laert.
1774 1778 1815 1817 L.
1836 1778 1890 1818 111

634 1831 746 1885 segm.
763 1833 828 1880 61,
844 1846 928 1886 pag.
951 1847 1036 1887 159,
1048 1832 1284 1885 debetqueh.
1298 1832 1321 1871 1.
1338 1832 1502 1872 Moer1d1
1515 1832 1719 1872 Atticistae
1738 1831 1892 1879 Cetera,

632 1900 733 1939 quae
748 1887 922 1927 Thomas
937 1900 985 1927 ex
999 1887 1073 1927 hoc
1085 1887 1240 1926 Luciani
1254 1885 1406 1938 dialogo
1418 1884 1625 1937 descripsit,
1650 1897 1727 1925 non
1747 1885 1893 1925 addam

634 1941 780 1980 Rarrz,
798 1941 981 1981 Moeridis
992 1940 1188 1980 Atticistae
1204 1939 1334 1988 locus,
1349 1941 1393 1979 de
1407 1953 1489 1993 quo
1505 1938 1891 1992 Menagius,habetur

636 2009 672 2049 p.
689 1996 740 2043 46
753 1995 809 2034 ed.
825 1994 960 2034 Oxon.
981 2009 1090 2044 1712.
1114 1995 1240 2034 GrsN.

687 2051 758 2089 ead.
771 2050 792 2087 l.
808 2062 845 2098 7.
857 2049 948 2088 ’Am
959 2048 1218 2100 Σφακτηρίας)
1230 2047 1416 2087 Plutarch.
1431 2047 1470 2085 in
1483 2045 1604 2086 Nlc'la.
1628 2046 1768 2085 BROD.
1939 2092 1943 2095 ι

687 2105 760 2142 ead.
779 2104 802 2141 I.
815 2102 850 2142 8.
873 2107 909 2140 Π
910 2101 1086 2154 ροῦθηκεν)
1109 2103 1196 2141 Hoc
1211 2114 1291 2141 non
1309 2113 1446 2142 verum
1462 2099 1555 2148 esse,
1574 2113 1623 2139 ex
1643 2100 1892 2153 Hippocratis
1943 2102 1949 2108 “

634 2156 816 2221 epistolis
821 2156 976 2209 colligo.
1007 2155 1143 2195 BROD.

686 2210 764 2249 ibid.
772 2209 910 2249 Τηννίκ.
914 2208 1228 2262 >Atheniensium
1242 2219 1377 2248 contra
1388 2205 1515 2247 Persas
1523 2206 1738 2247 vifioriam.
1748 2207 1886 2247 BROD.

687 2267 762 2303 ead.
776 2264 800 2303 l.
815 2277 874 2303 12.
886 2263 1069 2311 Πλάτων)
1084 2263 1175 2302 Plat.
1187 2262 1255 2316 Ep
1270 2260 1434 2310 111,708
1452 2261 1495 2300 B.
1511 2260 1668 2300 SonAN.
1688 2261 1736 2300 Et
1748 2261 1822 2300 hoc
1840 2273 1890 2301 ex

633 2318 810 2358 Brodaeo
821 2317 934 2357 habet
947 2347 958 2366 ‚
977 2318 1045 2368 qui
1058 2317 1115 2357 hic
1127 2315 1305 2370 epistolae
1319 2327 1521 2354 numerum
1535 2315 1682 2354 indicat.
1708 2313 1754 2353 In
1770 2327 1890 2367 marg.

636 2372 721 2410 Ald.
742 2386 770 2410 r.
785 2372 958 2410 additur.
984 2371 1113 2410 Plato
1107 2383 1144 2409 m
1158 2369 1377 2410 Charmida
1405 2368 1552 2407 Rau-z.

689 2427 760 2464 ead.
776 2426 800 2464 l.
820 2439 877 2477 13·
893 2429 939 2463 To
956 2424 1025 2474 μὲν
1043 2424 1191 2476 χαίρειν
1206 2438 1246 2462 κε
1249 2434 1330 2461 λευε
1334 2422 1371 2475 ι)
1397 2421 1570 2474 Castigo‚
1586 2423 1630 2458 ‘rb
1650 2420 1717 2467 μὲν
1739 2421 1893 2471 χαίρειν

634 2480 780 2532 χαίρειν
794 2479 946 2518 κελεύει.
969 2479 1107 2517 BROD.
1132 2477 1246 2517 Plana
1259 2475 1441 2516 sententia
1458 2455 1532 2522 est;
1555 2451 1614 2514 sed
1634 2464 1734 2514 forte
1751 2474 1799 2513 fic
1817 2474 1892 2513 Lu-

635 2531 962 2587 cianusscripierat
970 2532 1166 2578 ludensm
1175 2530 1393 2583 μὲνχοιίρειν
1402 2545 1437 2582 χ
1438 2528 1548 2581 αίρειν
1557 2526 1711 2577 κελεύει,
1720 2528 1781 2566 καὶ
1792 2528 1893 2569 πάνυ
