<?xml version="1.0" encoding="UTF-8"?>
<!DOCTYPE html PUBLIC "-//W3C//DTD XHTML 1.0 Transitional//EN"
    "http://www.w3.org/TR/xhtml1/DTD/xhtml1-transitional.dtd">
<html xmlns="http://www.w3.org/1999/xhtml" xml:lang="en" lang="en">
 <head>
  <title>
</title>
<meta http-equiv="Content-Type" content="text/html;charset=utf-8" />
  <meta name='ocr-system' content='tesseract 3.04.00' />
  <meta name='ocr-capabilities' content='ocr_page ocr_carea ocr_par ocr_line ocrx_word'/>
</head>
<body>
  <div class='ocr_page' id='page_1' title='image "./operagraecaetlat03luciuoft/operagraecaetlat03luciuoft_0448.png"; bbox 0 0 2015 3490; ppageno 0'>
   <div class='ocr_carea' id='block_1_1' title="bbox 630 140 1697 234">
    <p class='ocr_par' dir='ltr' id='par_1_1' title="bbox 630 140 1697 234">
     <span class='ocr_line' id='line_1_1' title="bbox 630 140 1697 234; baseline -0.002 -18"><span class='ocrx_word' id='word_1_1' title='bbox 630 140 726 228; x_wconf 51' lang='lat'>4&#39;40</span> <span class='ocrx_word' id='word_1_2' title='bbox 825 162 1697 234; x_wconf 79' lang='lat' dir='ltr'><strong>ANNQTATIONES</strong></span> 
     </span>
    </p>
   </div>
   <div class='ocr_carea' id='block_1_2' title="bbox 630 251 1894 306">
    <p class='ocr_par' dir='ltr' id='par_1_2' title="bbox 630 251 1894 306">
     <span class='ocr_line' id='line_1_2' title="bbox 630 251 1894 306; baseline 0.002 -12"><span class='ocrx_word' id='word_1_3' title='bbox 630 255 834 294; x_wconf 77' lang='lat' dir='ltr'>leffionem</span> <span class='ocrx_word' id='word_1_4' title='bbox 849 253 952 292; x_wconf 86' lang='lat' dir='ltr'>illam</span> <span class='ocrx_word' id='word_1_5' title='bbox 966 251 1144 306; x_wconf 83' lang='lat' dir='ltr'>expreffit</span> <span class='ocrx_word' id='word_1_6' title='bbox 1157 252 1212 292; x_wconf 90' lang='lat' dir='ltr'>ed.</span> <span class='ocrx_word' id='word_1_7' title='bbox 1236 252 1286 293; x_wconf 90' lang='lat' dir='ltr'>A.</span> <span class='ocrx_word' id='word_1_8' title='bbox 1304 253 1442 305; x_wconf 87' lang='lat' dir='ltr'>Neque</span> <span class='ocrx_word' id='word_1_9' title='bbox 1464 263 1594 293; x_wconf 88' lang='lat' dir='ltr'>tamen</span> <span class='ocrx_word' id='word_1_10' title='bbox 1614 254 1707 294; x_wconf 87' lang='lat' dir='ltr'>haec</span> <span class='ocrx_word' id='word_1_11' title='bbox 1727 255 1894 296; x_wconf 79' lang='lat' dir='ltr'>restituta</span> 
     </span>
    </p>
   </div>
   <div class='ocr_carea' id='block_1_3' title="bbox 630 305 1968 414">
    <p class='ocr_par' dir='ltr' id='par_1_3' title="bbox 630 305 1968 414">
     <span class='ocr_line' id='line_1_3' title="bbox 630 305 1968 359; baseline 0.002 -13"><span class='ocrx_word' id='word_1_12' title='bbox 630 305 788 359; x_wconf 84' lang='lat' dir='ltr'>prorsus</span> <span class='ocrx_word' id='word_1_13' title='bbox 801 307 910 347; x_wconf 86' lang='lat' dir='ltr'>omni</span> <span class='ocrx_word' id='word_1_14' title='bbox 925 307 1021 346; x_wconf 82' lang='lat' dir='ltr'>vitio</span> <span class='ocrx_word' id='word_1_15' title='bbox 1035 317 1160 346; x_wconf 87' lang='lat' dir='ltr'>caret:</span> <span class='ocrx_word' id='word_1_16' title='bbox 1187 307 1279 359; x_wconf 90' lang='lat' dir='ltr'>quid</span> <span class='ocrx_word' id='word_1_17' title='bbox 1295 307 1399 345; x_wconf 86' lang='lat' dir='ltr'>enim</span> <span class='ocrx_word' id='word_1_18' title='bbox 1417 306 1471 345; x_wconf 87' lang='lat' dir='ltr'>est</span> <span class='ocrx_word' id='word_1_19' title='bbox 1490 309 1595 345; x_wconf 60' lang='lat' dir='ltr'>nm&amp;</span> <span class='ocrx_word' id='word_1_20' title='bbox 1615 310 1785 356; x_wconf 64' lang='grc' dir='ltr'>πάντως</span> <span class='ocrx_word' id='word_1_21' title='bbox 1806 310 1894 349; x_wconf 82' lang='lat' dir='ltr'>scri·</span> <span class='ocrx_word' id='word_1_22' title='bbox 1950 314 1968 331; x_wconf 65' lang='lat'><em>³</em></span> 
     </span>
     <span class='ocr_line' id='line_1_4' title="bbox 632 358 1914 414; baseline 0.002 -15"><span class='ocrx_word' id='word_1_23' title='bbox 632 360 813 408; x_wconf 84' lang='lat' dir='ltr'>bendum,</span> <span class='ocrx_word' id='word_1_24' title='bbox 822 358 890 398; x_wconf 76' lang='grc' dir='ltr'>τοῦ</span> <span class='ocrx_word' id='word_1_25' title='bbox 904 360 996 407; x_wconf 68' lang='grc' dir='ltr'>ἀπὶ,</span> <span class='ocrx_word' id='word_1_26' title='bbox 1006 359 1069 398; x_wconf 90' lang='lat' dir='ltr'>vel</span> <span class='ocrx_word' id='word_1_27' title='bbox 1080 361 1187 411; x_wconf 72' lang='grc' dir='ltr'>παρὰ</span> <span class='ocrx_word' id='word_1_28' title='bbox 1198 360 1346 400; x_wconf 72' lang='grc' dir='ltr'>πάντων</span> <span class='ocrx_word' id='word_1_29' title='bbox 1360 358 1477 411; x_wconf 71' lang='grc' dir='ltr'>ἤχου·</span> <span class='ocrx_word' id='word_1_30' title='bbox 1488 360 1677 412; x_wconf 67' lang='lat' dir='ltr'>discrepans</span> <span class='ocrx_word' id='word_1_31' title='bbox 1687 377 1710 400; x_wconf 91' lang='lat' dir='ltr'><em>a</em></span> <span class='ocrx_word' id='word_1_32' title='bbox 1718 361 1822 412; x_wconf 86' lang='lat' dir='ltr'>sono,</span> <span class='ocrx_word' id='word_1_33' title='bbox 1835 362 1894 414; x_wconf 83' lang='lat' dir='ltr'>qui</span> <span class='ocrx_word' id='word_1_34' title='bbox 1909 405 1914 409; x_wconf 24' lang='lat' dir='ltr'><strong><em>s</em></strong></span> 
     </span>
    </p>
   </div>
   <div class='ocr_carea' id='block_1_4' title="bbox 621 412 1896 2439">
    <p class='ocr_par' dir='ltr' id='par_1_4' title="bbox 631 412 1262 466">
     <span class='ocr_line' id='line_1_5' title="bbox 631 412 1262 466; baseline 0 -14"><span class='ocrx_word' id='word_1_35' title='bbox 631 414 676 452; x_wconf 83' lang='lat' dir='ltr'>ab</span> <span class='ocrx_word' id='word_1_36' title='bbox 686 415 839 453; x_wconf 83' lang='lat' dir='ltr'>omnibus</span> <span class='ocrx_word' id='word_1_37' title='bbox 852 413 1082 466; x_wconf 56' lang='lat' dir='ltr'>proficisiitur.</span> <span class='ocrx_word' id='word_1_38' title='bbox 1098 412 1262 452; x_wconf 80' lang='lat' dir='ltr'>HEMST.</span> 
     </span>
    </p>

    <p class='ocr_par' dir='ltr' id='par_1_5' title="bbox 631 465 1896 998">
     <span class='ocr_line' id='line_1_6' title="bbox 687 465 1895 519; baseline 0.002 -15"><span class='ocrx_word' id='word_1_39' title='bbox 687 467 776 519; x_wconf 81' lang='lat' dir='ltr'><strong><em>Pag.</em></strong></span> <span class='ocrx_word' id='word_1_40' title='bbox 788 480 852 517; x_wconf 88' lang='lat'>92.</span> <span class='ocrx_word' id='word_1_41' title='bbox 866 468 890 505; x_wconf 86' lang='lat' dir='ltr'>l.</span> <span class='ocrx_word' id='word_1_42' title='bbox 911 480 940 505; x_wconf 81' lang='grc' dir='ltr'>ι.</span> <span class='ocrx_word' id='word_1_43' title='bbox 953 467 1010 505; x_wconf 74' lang='grc' dir='ltr'>Μὴ</span> <span class='ocrx_word' id='word_1_44' title='bbox 1025 465 1122 516; x_wconf 80' lang='grc' dir='ltr'>ξένον</span> <span class='ocrx_word' id='word_1_45' title='bbox 1140 465 1393 518; x_wconf 74' lang='grc' dir='ltr'>προσιέμενος)</span> <span class='ocrx_word' id='word_1_46' title='bbox 1405 466 1456 504; x_wconf 91' lang='lat' dir='ltr'>H.</span> <span class='ocrx_word' id='word_1_47' title='bbox 1468 477 1502 504; x_wconf 88' lang='lat' dir='ltr'>e.</span> <span class='ocrx_word' id='word_1_48' title='bbox 1514 476 1556 504; x_wconf 87' lang='lat' dir='ltr'>ut</span> <span class='ocrx_word' id='word_1_49' title='bbox 1569 465 1683 505; x_wconf 83' lang='lat' dir='ltr'>vertit</span> <span class='ocrx_word' id='word_1_50' title='bbox 1697 467 1895 519; x_wconf 79' lang='lat' dir='ltr'><strong>interpres,</strong></span> 
     </span>
     <span class='ocr_line' id='line_1_7' title="bbox 631 519 1896 572; baseline 0 -12"><span class='ocrx_word' id='word_1_51' title='bbox 631 519 746 569; x_wconf 68' lang='lat' dir='ltr'>&amp;fine</span> <span class='ocrx_word' id='word_1_52' title='bbox 756 520 827 558; x_wconf 90' lang='lat' dir='ltr'>ullo</span> <span class='ocrx_word' id='word_1_53' title='bbox 839 520 1026 559; x_wconf 84' lang='lat' dir='ltr'>commercio</span> <span class='ocrx_word' id='word_1_54' title='bbox 1038 519 1100 570; x_wconf 72' lang='lat' dir='ltr'>effi</span> <span class='ocrx_word' id='word_1_55' title='bbox 1111 519 1205 567; x_wconf 80' lang='lat' dir='ltr'><em>velis,</em></span> <span class='ocrx_word' id='word_1_56' title='bbox 1215 535 1315 572; x_wconf 83' lang='lat' dir='ltr'><em>neque</em></span> <span class='ocrx_word' id='word_1_57' title='bbox 1320 522 1476 565; x_wconf 86' lang='lat' dir='ltr'><em>amicum,</em></span> <span class='ocrx_word' id='word_1_58' title='bbox 1487 534 1588 571; x_wconf 82' lang='lat' dir='ltr'><em>neque</em></span> <span class='ocrx_word' id='word_1_59' title='bbox 1598 519 1757 572; x_wconf 82' lang='lat' dir='ltr'><em>hospitem</em></span> <span class='ocrx_word' id='word_1_60' title='bbox 1771 525 1896 560; x_wconf 79' lang='lat' dir='ltr'>adeun·</span> 
     </span>
     <span class='ocr_line' id='line_1_8' title="bbox 631 570 1887 624; baseline 0 -11"><span class='ocrx_word' id='word_1_61' title='bbox 631 576 687 613; x_wconf 82' lang='lat' dir='ltr'>do.</span> <span class='ocrx_word' id='word_1_62' title='bbox 698 573 764 612; x_wconf 91' lang='lat' dir='ltr'>Tu</span> <span class='ocrx_word' id='word_1_63' title='bbox 776 586 874 612; x_wconf 88' lang='lat' dir='ltr'>vero</span> <span class='ocrx_word' id='word_1_64' title='bbox 887 572 1076 624; x_wconf 82' lang='lat' dir='ltr'>postrema</span> <span class='ocrx_word' id='word_1_65' title='bbox 1092 570 1153 611; x_wconf 71' lang='lat' dir='ltr'>iila</span> <span class='ocrx_word' id='word_1_66' title='bbox 1169 585 1319 611; x_wconf 91' lang='lat' dir='ltr'>mecum</span> <span class='ocrx_word' id='word_1_67' title='bbox 1334 573 1462 623; x_wconf 85' lang='lat' dir='ltr'>potius</span> <span class='ocrx_word' id='word_1_68' title='bbox 1477 584 1601 611; x_wconf 85' lang='lat' dir='ltr'>verte:</span> <span class='ocrx_word' id='word_1_69' title='bbox 1617 588 1717 624; x_wconf 81' lang='lat' dir='ltr'><em>neque</em></span> <span class='ocrx_word' id='word_1_70' title='bbox 1728 575 1887 620; x_wconf 75' lang='lat' dir='ltr'><em>amicum,</em></span> 
     </span>
     <span class='ocr_line' id='line_1_9' title="bbox 631 625 1895 679; baseline 0.001 -14"><span class='ocrx_word' id='word_1_71' title='bbox 631 641 734 679; x_wconf 83' lang='lat' dir='ltr'><em>neque</em></span> <span class='ocrx_word' id='word_1_72' title='bbox 748 625 907 678; x_wconf 70' lang='lat' dir='ltr'>hospitem</span> <span class='ocrx_word' id='word_1_73' title='bbox 930 627 1151 664; x_wconf 76' lang='lat' dir='ltr'>admittendo.-</span> <span class='ocrx_word' id='word_1_74' title='bbox 1167 638 1254 664; x_wconf 85' lang='lat' dir='ltr'>nam</span> <span class='ocrx_word' id='word_1_75' title='bbox 1275 626 1496 676; x_wconf 57' lang='lat' dir='ltr'>moa-{sceui</span> <span class='ocrx_word' id='word_1_76' title='bbox 1514 639 1601 663; x_wconf 73' lang='grc' dir='ltr'>’πνοι</span> <span class='ocrx_word' id='word_1_77' title='bbox 1626 638 1704 664; x_wconf 88' lang='lat' dir='ltr'>non</span> <span class='ocrx_word' id='word_1_78' title='bbox 1726 626 1779 665; x_wconf 86' lang='lat' dir='ltr'>est</span> <span class='ocrx_word' id='word_1_79' title='bbox 1799 629 1895 666; x_wconf 77' lang='lat' dir='ltr'>adire</span> 
     </span>
     <span class='ocr_line' id='line_1_10' title="bbox 631 679 1894 732; baseline 0.001 -14"><span class='ocrx_word' id='word_1_80' title='bbox 631 680 774 732; x_wconf 76' lang='lat' dir='ltr'><em>aliquem</em></span> <span class='ocrx_word' id='word_1_81' title='bbox 782 694 798 726; x_wconf 90' lang='lat'>,·</span> <span class='ocrx_word' id='word_1_82' title='bbox 814 679 874 718; x_wconf 86' lang='lat' dir='ltr'>sed</span> <span class='ocrx_word' id='word_1_83' title='bbox 888 679 1028 731; x_wconf 75' lang='lat' dir='ltr'><em>aliquem</em></span> <span class='ocrx_word' id='word_1_84' title='bbox 1044 679 1134 731; x_wconf 78' lang='lat' dir='ltr'>adse</span> <span class='ocrx_word' id='word_1_85' title='bbox 1145 680 1311 718; x_wconf 81' lang='lat' dir='ltr'><em>admittere</em></span> <span class='ocrx_word' id='word_1_86' title='bbox 1322 708 1335 724; x_wconf 92' lang='lat'>,</span> <span class='ocrx_word' id='word_1_87' title='bbox 1353 679 1485 717; x_wconf 83' lang='lat' dir='ltr'>aditum</span> <span class='ocrx_word' id='word_1_88' title='bbox 1498 679 1712 717; x_wconf 74' lang='lat' dir='ltr'>conveniendi</span> <span class='ocrx_word' id='word_1_89' title='bbox 1729 683 1807 719; x_wconf 81' lang='lat' dir='ltr'>dare</span> <span class='ocrx_word' id='word_1_90' title='bbox 1826 682 1894 719; x_wconf 85' lang='lat' dir='ltr'>ali·</span> 
     </span>
     <span class='ocr_line' id='line_1_11' title="bbox 631 731 1895 784; baseline 0 -11"><span class='ocrx_word' id='word_1_91' title='bbox 631 734 698 773; x_wconf 78' lang='lat' dir='ltr'>cui.</span> <span class='ocrx_word' id='word_1_92' title='bbox 713 732 860 771; x_wconf 83' lang='lat' dir='ltr'>Aelian.</span> <span class='ocrx_word' id='word_1_93' title='bbox 880 731 942 771; x_wconf 87' lang='lat' dir='ltr'>lib.</span> <span class='ocrx_word' id='word_1_94' title='bbox 961 731 1016 771; x_wconf 92' lang='lat' dir='ltr'>IX</span> <span class='ocrx_word' id='word_1_95' title='bbox 1040 733 1090 770; x_wconf 89' lang='lat' dir='ltr'>V.</span> <span class='ocrx_word' id='word_1_96' title='bbox 1105 733 1156 780; x_wconf 88' lang='lat' dir='ltr'>H,</span> <span class='ocrx_word' id='word_1_97' title='bbox 1170 744 1202 770; x_wconf 91' lang='lat' dir='ltr'>c.</span> <span class='ocrx_word' id='word_1_98' title='bbox 1218 747 1234 784; x_wconf 81' lang='lat'>3</span> <span class='ocrx_word' id='word_1_99' title='bbox 1251 746 1260 770; x_wconf 80' lang='lat'>2</span> <span class='ocrx_word' id='word_1_100' title='bbox 1277 731 1424 770; x_wconf 70' lang='grc' dir='ltr'>Κλεῖτος</span> <span class='ocrx_word' id='word_1_101' title='bbox 1437 731 1503 779; x_wconf 56' lang='grc' dir='ltr'>δὲ,</span> <span class='ocrx_word' id='word_1_102' title='bbox 1522 731 1651 770; x_wconf 67' lang='grc' dir='ltr'>εἴποτε</span> <span class='ocrx_word' id='word_1_103' title='bbox 1670 732 1803 782; x_wconf 71' lang='grc' dir='ltr'>μέλλοι</span> <span class='ocrx_word' id='word_1_104' title='bbox 1817 733 1895 773; x_wconf 73' lang='grc' dir='ltr'>τισὶ</span> 
     </span>
     <span class='ocr_line' id='line_1_12' title="bbox 631 784 1895 840; baseline 0.001 -15"><span class='ocrx_word' id='word_1_105' title='bbox 631 786 879 840; x_wconf 74' lang='grc' dir='ltr'>χρηματίζειν</span> <span class='ocrx_word' id='word_1_106' title='bbox 890 816 903 832; x_wconf 88' lang='grc'><strong><em>,</em></strong></span> <span class='ocrx_word' id='word_1_107' title='bbox 925 787 986 825; x_wconf 72' lang='grc' dir='ltr'>ἐπὶ</span> <span class='ocrx_word' id='word_1_108' title='bbox 1010 784 1196 838; x_wconf 72' lang='grc' dir='ltr'>προφυρῶν</span> <span class='ocrx_word' id='word_1_109' title='bbox 1219 784 1381 830; x_wconf 61' lang='grc' dir='ltr'>βαὲιζων</span> <span class='ocrx_word' id='word_1_110' title='bbox 1402 784 1564 834; x_wconf 67' lang='grc' dir='ltr'>εἱμάτων</span> <span class='ocrx_word' id='word_1_111' title='bbox 1591 784 1678 823; x_wconf 75' lang='grc' dir='ltr'>τοὺς</span> <span class='ocrx_word' id='word_1_112' title='bbox 1700 784 1895 835; x_wconf 49' lang='grc' dir='ltr'>δεομένους</span> 
     </span>
     <span class='ocr_line' id='line_1_13' title="bbox 631 837 1895 891; baseline 0 -13"><span class='ocrx_word' id='word_1_113' title='bbox 631 839 823 891; x_wconf 69' lang='grc' dir='ltr'>προσίετο,</span> <span class='ocrx_word' id='word_1_114' title='bbox 839 839 946 877; x_wconf 87' lang='lat' dir='ltr'><em>Clitus</em></span> <span class='ocrx_word' id='word_1_115' title='bbox 962 854 1040 878; x_wconf 79' lang='lat' dir='ltr'>vero</span> <span class='ocrx_word' id='word_1_116' title='bbox 1051 870 1063 886; x_wconf 88' lang='lat'><strong>‚</strong></span> <span class='ocrx_word' id='word_1_117' title='bbox 1074 842 1113 891; x_wconf 85' lang='lat' dir='ltr'><em>fi</em></span> <span class='ocrx_word' id='word_1_118' title='bbox 1122 841 1256 891; x_wconf 82' lang='lat' dir='ltr'><em>quando</em></span> <span class='ocrx_word' id='word_1_119' title='bbox 1270 839 1449 877; x_wconf 78' lang='lat' dir='ltr'><em>auditurus</em></span> <span class='ocrx_word' id='word_1_120' title='bbox 1462 850 1532 876; x_wconf 81' lang='lat' dir='ltr'><em>erat</em></span> <span class='ocrx_word' id='word_1_121' title='bbox 1552 837 1643 890; x_wconf 84' lang='lat' dir='ltr'>quos</span> <span class='ocrx_word' id='word_1_122' title='bbox 1636 850 1728 884; x_wconf 72' lang='lat' dir='ltr'><em>uam,</em></span> <span class='ocrx_word' id='word_1_123' title='bbox 1741 839 1895 878; x_wconf 76' lang='lat' dir='ltr'>inambu-</span> 
     </span>
     <span class='ocr_line' id='line_1_14' title="bbox 634 891 1894 945; baseline 0.002 -14"><span class='ocrx_word' id='word_1_124' title='bbox 634 892 712 931; x_wconf 80' lang='lat' dir='ltr'>lans</span> <span class='ocrx_word' id='word_1_125' title='bbox 724 892 886 945; x_wconf 77' lang='lat' dir='ltr'><em>stragulis</em></span> <span class='ocrx_word' id='word_1_126' title='bbox 904 893 1081 944; x_wconf 75' lang='lat' dir='ltr'><em>purpureis</em></span> <span class='ocrx_word' id='word_1_127' title='bbox 1094 923 1108 939; x_wconf 89' lang='lat'><em>,</em></span> <span class='ocrx_word' id='word_1_128' title='bbox 1130 893 1323 931; x_wconf 82' lang='lat' dir='ltr'><em>admittebat</em></span> <span class='ocrx_word' id='word_1_129' title='bbox 1342 893 1576 942; x_wconf 66' lang='lat' dir='ltr'>defiderantes:</span> <span class='ocrx_word' id='word_1_130' title='bbox 1599 891 1640 929; x_wconf 65' lang='grc' dir='ltr'>ὅ(</span> <span class='ocrx_word' id='word_1_131' title='bbox 1658 891 1787 943; x_wconf 83' lang='lat' dir='ltr'>paffim</span> <span class='ocrx_word' id='word_1_132' title='bbox 1807 893 1894 932; x_wconf 84' lang='lat' dir='ltr'>alibi</span> 
     </span>
     <span class='ocr_line' id='line_1_15' title="bbox 633 944 1731 998; baseline -0.002 -13"><span class='ocrx_word' id='word_1_133' title='bbox 633 947 734 998; x_wconf 82' lang='lat' dir='ltr'>apud</span> <span class='ocrx_word' id='word_1_134' title='bbox 747 945 907 984; x_wconf 87' lang='lat' dir='ltr'>eundem</span> <span class='ocrx_word' id='word_1_135' title='bbox 924 947 965 985; x_wconf 86' lang='lat'>&amp;</span> <span class='ocrx_word' id='word_1_136' title='bbox 977 946 1083 985; x_wconf 75' lang='lat' dir='ltr'>alios.</span> <span class='ocrx_word' id='word_1_137' title='bbox 1097 946 1140 985; x_wconf 93' lang='lat' dir='ltr'>L.</span> <span class='ocrx_word' id='word_1_138' title='bbox 1154 946 1241 985; x_wconf 90' lang='lat' dir='ltr'>Bos</span> <span class='ocrx_word' id='word_1_139' title='bbox 1256 944 1373 983; x_wconf 83' lang='lat' dir='ltr'><em>Anim.</em></span> <span class='ocrx_word' id='word_1_140' title='bbox 1390 948 1439 982; x_wconf 80' lang='lat' dir='ltr'>ad</span> <span class='ocrx_word' id='word_1_141' title='bbox 1453 945 1596 983; x_wconf 80' lang='lat' dir='ltr'><em>Lucian.</em></span> <span class='ocrx_word' id='word_1_142' title='bbox 1613 957 1648 996; x_wconf 91' lang='lat' dir='ltr'>p.</span> <span class='ocrx_word' id='word_1_143' title='bbox 1669 945 1731 983; x_wconf 78' lang='lat'>60.</span> 
     </span>
    </p>

    <p class='ocr_par' dir='ltr' id='par_1_6' title="bbox 633 996 1896 1159">
     <span class='ocr_line' id='line_1_16' title="bbox 688 996 1895 1050; baseline 0.002 -14"><span class='ocrx_word' id='word_1_144' title='bbox 688 999 766 1038; x_wconf 82' lang='lat' dir='ltr'>ibid.</span> <span class='ocrx_word' id='word_1_145' title='bbox 781 999 1003 1038; x_wconf 68' lang='grc' dir='ltr'><strong><em>Κατάλυσις</em></strong></span> <span class='ocrx_word' id='word_1_146' title='bbox 1016 1020 1060 1028; x_wconf 82' lang='grc'>-·</span> <span class='ocrx_word' id='word_1_147' title='bbox 1076 997 1142 1039; x_wconf 67' lang='grc' dir='ltr'>τῆς</span> <span class='ocrx_word' id='word_1_148' title='bbox 1155 996 1301 1050; x_wconf 63' lang='grc' dir='ltr'>ἀρχῆς)</span> <span class='ocrx_word' id='word_1_149' title='bbox 1318 998 1393 1036; x_wconf 86' lang='lat' dir='ltr'>Hic</span> <span class='ocrx_word' id='word_1_150' title='bbox 1407 997 1601 1037; x_wconf 87' lang='lat' dir='ltr'>deridiculi</span> <span class='ocrx_word' id='word_1_151' title='bbox 1615 999 1732 1050; x_wconf 83' lang='lat' dir='ltr'>gratia</span> <span class='ocrx_word' id='word_1_152' title='bbox 1747 998 1895 1039; x_wconf 87' lang='lat' dir='ltr'>inducit</span> 
     </span>
     <span class='ocr_line' id='line_1_17' title="bbox 633 1051 1896 1105; baseline -0.001 -13"><span class='ocrx_word' id='word_1_153' title='bbox 633 1051 879 1104; x_wconf 82' lang='lat' dir='ltr'>Diogenem,</span> <span class='ocrx_word' id='word_1_154' title='bbox 902 1051 1008 1104; x_wconf 75' lang='lat' dir='ltr'>quasi</span> <span class='ocrx_word' id='word_1_155' title='bbox 1031 1064 1180 1105; x_wconf 83' lang='lat' dir='ltr'>regem,</span> <span class='ocrx_word' id='word_1_156' title='bbox 1196 1052 1257 1091; x_wconf 85' lang='lat' dir='ltr'>cui</span> <span class='ocrx_word' id='word_1_157' title='bbox 1271 1051 1342 1089; x_wconf 78' lang='lat' dir='ltr'>sint</span> <span class='ocrx_word' id='word_1_158' title='bbox 1362 1063 1497 1090; x_wconf 84' lang='lat' dir='ltr'>arcana</span> <span class='ocrx_word' id='word_1_159' title='bbox 1511 1052 1697 1103; x_wconf 80' lang='lat' dir='ltr'>quaedam</span> <span class='ocrx_word' id='word_1_160' title='bbox 1720 1053 1896 1102; x_wconf 82' lang='lat' dir='ltr'>imperii,</span> 
     </span>
     <span class='ocr_line' id='line_1_18' title="bbox 633 1104 1889 1159; baseline 0.001 -15"><span class='ocrx_word' id='word_1_161' title='bbox 633 1118 733 1159; x_wconf 86' lang='lat' dir='ltr'>quae</span> <span class='ocrx_word' id='word_1_162' title='bbox 746 1105 916 1158; x_wconf 80' lang='lat' dir='ltr'>evulgari</span> <span class='ocrx_word' id='word_1_163' title='bbox 930 1118 1009 1144; x_wconf 92' lang='lat' dir='ltr'>non</span> <span class='ocrx_word' id='word_1_164' title='bbox 1023 1116 1177 1158; x_wconf 86' lang='lat' dir='ltr'>oportet</span> <span class='ocrx_word' id='word_1_165' title='bbox 1187 1134 1198 1151; x_wconf 82' lang='lat'>‚</span> <span class='ocrx_word' id='word_1_166' title='bbox 1213 1118 1261 1143; x_wconf 87' lang='lat' dir='ltr'>ne</span> <span class='ocrx_word' id='word_1_167' title='bbox 1275 1104 1446 1142; x_wconf 79' lang='lat' dir='ltr'>maiestas</span> <span class='ocrx_word' id='word_1_168' title='bbox 1458 1105 1541 1143; x_wconf 89' lang='lat' dir='ltr'>eius</span> <span class='ocrx_word' id='word_1_169' title='bbox 1559 1105 1744 1144; x_wconf 66' lang='lat' dir='ltr'>eviiei‘cat.</span> <span class='ocrx_word' id='word_1_170' title='bbox 1762 1105 1889 1145; x_wconf 68' lang='grc' dir='ltr'>(ΖΙ-ΕΚ.</span> 
     </span>
    </p>

    <p class='ocr_par' dir='ltr' id='par_1_7' title="bbox 632 1157 1895 1797">
     <span class='ocr_line' id='line_1_19' title="bbox 688 1157 1892 1209; baseline 0 -12"><span class='ocrx_word' id='word_1_171' title='bbox 688 1161 760 1197; x_wconf 83' lang='lat' dir='ltr'>ead.</span> <span class='ocrx_word' id='word_1_172' title='bbox 777 1158 799 1196; x_wconf 87' lang='lat' dir='ltr'>l.</span> <span class='ocrx_word' id='word_1_173' title='bbox 821 1173 855 1197; x_wconf 89' lang='lat'>2.</span> <span class='ocrx_word' id='word_1_174' title='bbox 871 1158 924 1197; x_wconf 84' lang='grc' dir='ltr'>Ἐν</span> <span class='ocrx_word' id='word_1_175' title='bbox 942 1157 1094 1208; x_wconf 61' lang='grc' dir='ltr'>ὕψει»δ“ὲ</span> <span class='ocrx_word' id='word_1_176' title='bbox 1110 1157 1288 1209; x_wconf 70' lang='grc' dir='ltr'>πάντων)</span> <span class='ocrx_word' id='word_1_177' title='bbox 1309 1157 1395 1209; x_wconf 86' lang='lat' dir='ltr'>Qui</span> <span class='ocrx_word' id='word_1_178' title='bbox 1408 1157 1500 1196; x_wconf 83' lang='lat' dir='ltr'>haec</span> <span class='ocrx_word' id='word_1_179' title='bbox 1513 1158 1621 1196; x_wconf 84' lang='lat' dir='ltr'>aliter</span> <span class='ocrx_word' id='word_1_180' title='bbox 1635 1169 1701 1196; x_wconf 81' lang='lat' dir='ltr'>aut</span> <span class='ocrx_word' id='word_1_181' title='bbox 1717 1170 1892 1205; x_wconf 86' lang='lat' dir='ltr'>vertunt,</span> 
     </span>
     <span class='ocr_line' id='line_1_20' title="bbox 632 1210 1895 1263; baseline 0 -12"><span class='ocrx_word' id='word_1_182' title='bbox 632 1222 701 1251; x_wconf 76' lang='lat' dir='ltr'>aut</span> <span class='ocrx_word' id='word_1_183' title='bbox 716 1211 950 1263; x_wconf 85' lang='lat' dir='ltr'>intelligunt,</span> <span class='ocrx_word' id='word_1_184' title='bbox 966 1224 1044 1251; x_wconf 92' lang='lat' dir='ltr'>non</span> <span class='ocrx_word' id='word_1_185' title='bbox 1065 1211 1149 1251; x_wconf 82' lang='lat' dir='ltr'>satis</span> <span class='ocrx_word' id='word_1_186' title='bbox 1161 1223 1353 1256; x_wconf 82' lang='lat' dir='ltr'>memores</span> <span class='ocrx_word' id='word_1_187' title='bbox 1374 1210 1552 1249; x_wconf 82' lang='lat' dir='ltr'>videntur</span> <span class='ocrx_word' id='word_1_188' title='bbox 1566 1210 1739 1262; x_wconf 80' lang='lat' dir='ltr'>Cynicae</span> <span class='ocrx_word' id='word_1_189' title='bbox 1761 1210 1895 1252; x_wconf 59' lang='lat' dir='ltr'>Seciae</span> 
     </span>
     <span class='ocr_line' id='line_1_21' title="bbox 632 1263 1895 1317; baseline 0.001 -14"><span class='ocrx_word' id='word_1_190' title='bbox 632 1264 907 1304; x_wconf 81' lang='lat' dir='ltr'>institutorum.</span> <span class='ocrx_word' id='word_1_191' title='bbox 922 1265 1074 1303; x_wconf 87' lang='lat' dir='ltr'>Adeant</span> <span class='ocrx_word' id='word_1_192' title='bbox 1088 1265 1216 1317; x_wconf 82' lang='lat' dir='ltr'>itaque</span> <span class='ocrx_word' id='word_1_193' title='bbox 1235 1264 1392 1303; x_wconf 87' lang='lat' dir='ltr'>Luciani</span> <span class='ocrx_word' id='word_1_194' title='bbox 1410 1263 1556 1303; x_wconf 84' lang='lat' dir='ltr'>libellos</span> <span class='ocrx_word' id='word_1_195' title='bbox 1576 1264 1621 1303; x_wconf 85' lang='lat' dir='ltr'>de</span> <span class='ocrx_word' id='word_1_196' title='bbox 1644 1275 1767 1304; x_wconf 85' lang='lat' dir='ltr'>morte</span> <span class='ocrx_word' id='word_1_197' title='bbox 1786 1264 1895 1304; x_wconf 90' lang='lat' dir='ltr'>Pere-</span> 
     </span>
     <span class='ocr_line' id='line_1_22' title="bbox 633 1316 1893 1371; baseline 0 -14"><span class='ocrx_word' id='word_1_198' title='bbox 633 1319 730 1370; x_wconf 82' lang='lat' dir='ltr'>grini</span> <span class='ocrx_word' id='word_1_199' title='bbox 741 1349 754 1366; x_wconf 87' lang='lat'>,</span> <span class='ocrx_word' id='word_1_200' title='bbox 777 1318 814 1357; x_wconf 79' lang='grc' dir='ltr'>δι</span> <span class='ocrx_word' id='word_1_201' title='bbox 836 1318 1037 1370; x_wconf 85' lang='lat' dir='ltr'>Lapithas;</span> <span class='ocrx_word' id='word_1_202' title='bbox 1051 1318 1214 1371; x_wconf 87' lang='lat' dir='ltr'>indeque</span> <span class='ocrx_word' id='word_1_203' title='bbox 1236 1316 1399 1362; x_wconf 85' lang='lat' dir='ltr'>discant,</span> <span class='ocrx_word' id='word_1_204' title='bbox 1423 1329 1521 1370; x_wconf 85' lang='lat' dir='ltr'>quae</span> <span class='ocrx_word' id='word_1_205' title='bbox 1545 1317 1629 1363; x_wconf 87' lang='lat' dir='ltr'>alii,</span> <span class='ocrx_word' id='word_1_206' title='bbox 1645 1317 1893 1369; x_wconf 66' lang='lat' dir='ltr'>conspecium</span> 
     </span>
     <span class='ocr_line' id='line_1_23' title="bbox 634 1370 1895 1424; baseline 0 -14"><span class='ocrx_word' id='word_1_207' title='bbox 634 1372 838 1411; x_wconf 82' lang='lat' dir='ltr'>hominum</span> <span class='ocrx_word' id='word_1_208' title='bbox 862 1371 1073 1423; x_wconf 85' lang='lat' dir='ltr'>fugientes,</span> <span class='ocrx_word' id='word_1_209' title='bbox 1089 1385 1132 1411; x_wconf 86' lang='lat' dir='ltr'>ac</span> <span class='ocrx_word' id='word_1_210' title='bbox 1147 1383 1197 1410; x_wconf 88' lang='lat' dir='ltr'>ne</span> <span class='ocrx_word' id='word_1_211' title='bbox 1214 1382 1293 1410; x_wconf 87' lang='lat' dir='ltr'>tum</span> <span class='ocrx_word' id='word_1_212' title='bbox 1310 1371 1462 1423; x_wconf 87' lang='lat' dir='ltr'>quidem</span> <span class='ocrx_word' id='word_1_213' title='bbox 1477 1370 1554 1410; x_wconf 84' lang='lat' dir='ltr'>fine</span> <span class='ocrx_word' id='word_1_214' title='bbox 1570 1370 1701 1422; x_wconf 82' lang='lat' dir='ltr'>aliquo</span> <span class='ocrx_word' id='word_1_215' title='bbox 1723 1372 1868 1424; x_wconf 87' lang='lat' dir='ltr'>pudore</span> <span class='ocrx_word' id='word_1_216' title='bbox 1880 1402 1895 1419; x_wconf 91' lang='lat'><em>,</em></span> 
     </span>
     <span class='ocr_line' id='line_1_24' title="bbox 634 1422 1895 1477; baseline -0.001 -13"><span class='ocrx_word' id='word_1_217' title='bbox 634 1425 775 1464; x_wconf 82' lang='lat' dir='ltr'>faciant</span> <span class='ocrx_word' id='word_1_218' title='bbox 786 1455 796 1472; x_wconf 94' lang='lat'>‚</span> <span class='ocrx_word' id='word_1_219' title='bbox 812 1438 855 1464; x_wconf 85' lang='lat' dir='ltr'>ea</span> <span class='ocrx_word' id='word_1_220' title='bbox 869 1425 1043 1476; x_wconf 89' lang='lat' dir='ltr'>Cynicos</span> <span class='ocrx_word' id='word_1_221' title='bbox 1054 1426 1091 1463; x_wconf 88' lang='lat' dir='ltr'>in</span> <span class='ocrx_word' id='word_1_222' title='bbox 1107 1424 1314 1477; x_wconf 78' lang='lat' dir='ltr'>propatulo</span> <span class='ocrx_word' id='word_1_223' title='bbox 1330 1437 1376 1463; x_wconf 78' lang='lat' dir='ltr'>ex</span> <span class='ocrx_word' id='word_1_224' title='bbox 1397 1425 1566 1463; x_wconf 78' lang='lat' dir='ltr'>instituto</span> <span class='ocrx_word' id='word_1_225' title='bbox 1580 1422 1650 1463; x_wconf 88' lang='lat' dir='ltr'>suo</span> <span class='ocrx_word' id='word_1_226' title='bbox 1663 1455 1674 1471; x_wconf 92' lang='lat'>,</span> <span class='ocrx_word' id='word_1_227' title='bbox 1692 1424 1732 1463; x_wconf 85' lang='lat'>&amp;</span> <span class='ocrx_word' id='word_1_228' title='bbox 1747 1426 1895 1477; x_wconf 84' lang='lat' dir='ltr'>turpio-</span> 
     </span>
     <span class='ocr_line' id='line_1_25' title="bbox 634 1475 1894 1532; baseline 0 -14"><span class='ocrx_word' id='word_1_229' title='bbox 634 1491 677 1518; x_wconf 78' lang='lat' dir='ltr'>ra</span> <span class='ocrx_word' id='word_1_230' title='bbox 687 1479 798 1518; x_wconf 83' lang='lat' dir='ltr'>etiam</span> <span class='ocrx_word' id='word_1_231' title='bbox 809 1477 977 1531; x_wconf 80' lang='lat' dir='ltr'>patrasse.</span> <span class='ocrx_word' id='word_1_232' title='bbox 990 1478 1141 1517; x_wconf 89' lang='lat' dir='ltr'>Adeant</span> <span class='ocrx_word' id='word_1_233' title='bbox 1153 1477 1192 1516; x_wconf 74' lang='grc' dir='ltr'>δι</span> <span class='ocrx_word' id='word_1_234' title='bbox 1205 1477 1440 1517; x_wconf 64' lang='grc' dir='ltr'>ιεὲὶειηῐίωη</span> <span class='ocrx_word' id='word_1_235' title='bbox 1453 1476 1504 1516; x_wconf 88' lang='lat'>111</span> <span class='ocrx_word' id='word_1_236' title='bbox 1513 1508 1525 1525; x_wconf 73' lang='lat'>,</span> <span class='ocrx_word' id='word_1_237' title='bbox 1539 1491 1553 1516; x_wconf 93' lang='lat'>1</span> <span class='ocrx_word' id='word_1_238' title='bbox 1567 1491 1582 1528; x_wconf 79' lang='grc' dir='ltr'><strong>ς</strong></span> <span class='ocrx_word' id='word_1_239' title='bbox 1598 1475 1622 1515; x_wconf 90' lang='lat' dir='ltr'>f.</span> <span class='ocrx_word' id='word_1_240' title='bbox 1639 1479 1734 1517; x_wconf 75' lang='lat' dir='ltr'>Nam</span> <span class='ocrx_word' id='word_1_241' title='bbox 1744 1479 1826 1531; x_wconf 80' lang='lat' dir='ltr'>quid</span> <span class='ocrx_word' id='word_1_242' title='bbox 1835 1493 1894 1532; x_wconf 77' lang='lat' dir='ltr'>ego</span> 
     </span>
     <span class='ocr_line' id='line_1_26' title="bbox 634 1531 1893 1584; baseline 0 -13"><span class='ocrx_word' id='word_1_243' title='bbox 634 1534 674 1571; x_wconf 86' lang='lat' dir='ltr'>de</span> <span class='ocrx_word' id='word_1_244' title='bbox 689 1532 848 1584; x_wconf 79' lang='lat' dir='ltr'>Cynicis,</span> <span class='ocrx_word' id='word_1_245' title='bbox 863 1532 986 1582; x_wconf 88' lang='lat' dir='ltr'>inquit</span> <span class='ocrx_word' id='word_1_246' title='bbox 996 1561 1009 1577; x_wconf 90' lang='lat'>,</span> <span class='ocrx_word' id='word_1_247' title='bbox 1024 1531 1171 1584; x_wconf 80' lang='lat' dir='ltr'>loquar?</span> <span class='ocrx_word' id='word_1_248' title='bbox 1189 1532 1306 1584; x_wconf 84' lang='lat' dir='ltr'><em>quibus</em></span> <span class='ocrx_word' id='word_1_249' title='bbox 1320 1532 1355 1569; x_wconf 81' lang='lat' dir='ltr'>in</span> <span class='ocrx_word' id='word_1_250' title='bbox 1362 1532 1544 1582; x_wconf 80' lang='lat' dir='ltr'>propatulo</span> <span class='ocrx_word' id='word_1_251' title='bbox 1558 1531 1643 1570; x_wconf 82' lang='lat' dir='ltr'>coire</span> <span class='ocrx_word' id='word_1_252' title='bbox 1655 1547 1728 1570; x_wconf 89' lang='lat' dir='ltr'>cum</span> <span class='ocrx_word' id='word_1_253' title='bbox 1741 1531 1893 1582; x_wconf 76' lang='lat' dir='ltr'>coniugi-</span> 
     </span>
     <span class='ocr_line' id='line_1_27' title="bbox 633 1584 1895 1637; baseline 0 -13"><span class='ocrx_word' id='word_1_254' title='bbox 633 1587 698 1624; x_wconf 82' lang='lat' dir='ltr'>bus</span> <span class='ocrx_word' id='word_1_255' title='bbox 710 1600 782 1624; x_wconf 83' lang='lat' dir='ltr'>mos</span> <span class='ocrx_word' id='word_1_256' title='bbox 789 1584 862 1635; x_wconf 73' lang='lat' dir='ltr'>ficit</span> <span class='ocrx_word' id='word_1_257' title='bbox 873 1587 893 1622; x_wconf 67' lang='grc' dir='ltr'><em>Ρ</em></span> <span class='ocrx_word' id='word_1_258' title='bbox 906 1585 964 1624; x_wconf 90' lang='lat' dir='ltr'>Sic</span> <span class='ocrx_word' id='word_1_259' title='bbox 988 1584 1123 1624; x_wconf 84' lang='lat' dir='ltr'>Crates</span> <span class='ocrx_word' id='word_1_260' title='bbox 1135 1598 1220 1624; x_wconf 90' lang='lat' dir='ltr'>cum</span> <span class='ocrx_word' id='word_1_261' title='bbox 1244 1597 1368 1624; x_wconf 84' lang='lat' dir='ltr'>uxore</span> <span class='ocrx_word' id='word_1_262' title='bbox 1383 1585 1504 1637; x_wconf 83' lang='lat' dir='ltr'>palam</span> <span class='ocrx_word' id='word_1_263' title='bbox 1524 1585 1561 1622; x_wconf 89' lang='lat' dir='ltr'>in</span> <span class='ocrx_word' id='word_1_264' title='bbox 1579 1584 1726 1624; x_wconf 75' lang='lat' dir='ltr'>Poecile</span> <span class='ocrx_word' id='word_1_265' title='bbox 1739 1597 1818 1624; x_wconf 86' lang='lat' dir='ltr'>rem</span> <span class='ocrx_word' id='word_1_266' title='bbox 1829 1586 1895 1625; x_wconf 86' lang='lat' dir='ltr'>ha-</span> 
     </span>
     <span class='ocr_line' id='line_1_28' title="bbox 634 1637 1894 1690; baseline 0 -12"><span class='ocrx_word' id='word_1_267' title='bbox 634 1638 729 1678; x_wconf 87' lang='lat' dir='ltr'>buit.</span> <span class='ocrx_word' id='word_1_268' title='bbox 739 1638 828 1677; x_wconf 89' lang='lat' dir='ltr'>Vid.</span> <span class='ocrx_word' id='word_1_269' title='bbox 841 1637 990 1677; x_wconf 82' lang='lat' dir='ltr'>Tatian.</span> <span class='ocrx_word' id='word_1_270' title='bbox 1006 1638 1048 1676; x_wconf 72' lang='grc' dir='ltr'>δι</span> <span class='ocrx_word' id='word_1_271' title='bbox 1060 1650 1170 1677; x_wconf 87' lang='lat' dir='ltr'>notas</span> <span class='ocrx_word' id='word_1_272' title='bbox 1184 1652 1219 1690; x_wconf 91' lang='lat' dir='ltr'>p.</span> <span class='ocrx_word' id='word_1_273' title='bbox 1235 1651 1293 1687; x_wconf 91' lang='lat'>15.</span> <span class='ocrx_word' id='word_1_274' title='bbox 1305 1637 1415 1676; x_wconf 82' lang='lat' dir='ltr'>Plura</span> <span class='ocrx_word' id='word_1_275' title='bbox 1429 1638 1467 1676; x_wconf 83' lang='lat' dir='ltr'>in</span> <span class='ocrx_word' id='word_1_276' title='bbox 1482 1651 1565 1676; x_wconf 85' lang='lat' dir='ltr'>eam</span> <span class='ocrx_word' id='word_1_277' title='bbox 1586 1651 1666 1677; x_wconf 90' lang='lat' dir='ltr'>rem</span> <span class='ocrx_word' id='word_1_278' title='bbox 1683 1638 1894 1678; x_wconf 83' lang='lat' dir='ltr'>testimonia</span> 
     </span>
     <span class='ocr_line' id='line_1_29' title="bbox 634 1691 1894 1745; baseline 0.001 -14"><span class='ocrx_word' id='word_1_279' title='bbox 634 1692 736 1744; x_wconf 81' lang='lat' dir='ltr'>apud</span> <span class='ocrx_word' id='word_1_280' title='bbox 751 1692 971 1744; x_wconf 87' lang='lat' dir='ltr'>Menagium</span> <span class='ocrx_word' id='word_1_281' title='bbox 987 1692 1156 1731; x_wconf 87' lang='lat' dir='ltr'>invenies</span> <span class='ocrx_word' id='word_1_282' title='bbox 1176 1691 1222 1730; x_wconf 87' lang='lat' dir='ltr'>ad</span> <span class='ocrx_word' id='word_1_283' title='bbox 1241 1691 1360 1743; x_wconf 86' lang='lat' dir='ltr'>Diog.</span> <span class='ocrx_word' id='word_1_284' title='bbox 1377 1691 1502 1731; x_wconf 75' lang='lat' dir='ltr'>Laert.</span> <span class='ocrx_word' id='word_1_285' title='bbox 1524 1705 1560 1743; x_wconf 91' lang='lat' dir='ltr'>p.</span> <span class='ocrx_word' id='word_1_286' title='bbox 1579 1705 1650 1744; x_wconf 85' lang='lat'>155</span> <span class='ocrx_word' id='word_1_287' title='bbox 1668 1691 1710 1731; x_wconf 87' lang='lat' dir='ltr'>E.</span> <span class='ocrx_word' id='word_1_288' title='bbox 1730 1692 1770 1731; x_wconf 73' lang='grc' dir='ltr'>δι</span> <span class='ocrx_word' id='word_1_289' title='bbox 1791 1692 1894 1745; x_wconf 86' lang='lat' dir='ltr'>apud</span> 
     </span>
     <span class='ocr_line' id='line_1_30' title="bbox 633 1744 1308 1797; baseline 0 -14"><span class='ocrx_word' id='word_1_290' title='bbox 633 1744 752 1797; x_wconf 82' lang='lat' dir='ltr'>ipsum</span> <span class='ocrx_word' id='word_1_291' title='bbox 765 1744 883 1796; x_wconf 87' lang='lat' dir='ltr'>Diog.</span> <span class='ocrx_word' id='word_1_292' title='bbox 898 1758 933 1797; x_wconf 91' lang='lat' dir='ltr'>p.</span> <span class='ocrx_word' id='word_1_293' title='bbox 948 1758 961 1782; x_wconf 90' lang='lat'>1</span> <span class='ocrx_word' id='word_1_294' title='bbox 975 1758 1021 1797; x_wconf 91' lang='lat'>54</span> <span class='ocrx_word' id='word_1_295' title='bbox 1032 1745 1075 1784; x_wconf 88' lang='lat' dir='ltr'>B.</span> <span class='ocrx_word' id='word_1_296' title='bbox 1089 1744 1136 1785; x_wconf 88' lang='lat' dir='ltr'>C.</span> <span class='ocrx_word' id='word_1_297' title='bbox 1151 1745 1308 1785; x_wconf 71' lang='lat' dir='ltr'><strong>SOLAN.</strong></span> 
     </span>
    </p>

    <p class='ocr_par' dir='ltr' id='par_1_8' title="bbox 621 1796 1895 2223">
     <span class='ocr_line' id='line_1_31' title="bbox 689 1796 1894 1850; baseline 0.002 -14"><span class='ocrx_word' id='word_1_298' title='bbox 689 1798 768 1836; x_wconf 84' lang='lat' dir='ltr'><em>ibid.</em></span> <span class='ocrx_word' id='word_1_299' title='bbox 781 1797 968 1837; x_wconf 72' lang='grc' dir='ltr'>Ποιῇσειεν</span> <span class='ocrx_word' id='word_1_300' title='bbox 982 1796 1025 1838; x_wconf 63' lang='grc' dir='ltr'>οἶν</span> <span class='ocrx_word' id='word_1_301' title='bbox 1037 1813 1097 1837; x_wconf 78' lang='grc' dir='ltr'>τις</span> <span class='ocrx_word' id='word_1_302' title='bbox 1112 1797 1272 1850; x_wconf 62' lang='grc' dir='ltr'>θοιῤῥῶν,</span> <span class='ocrx_word' id='word_1_303' title='bbox 1285 1798 1406 1850; x_wconf 70' lang='grc' dir='ltr'>ποίει)</span> <span class='ocrx_word' id='word_1_304' title='bbox 1427 1797 1487 1838; x_wconf 85' lang='lat' dir='ltr'>Sic</span> <span class='ocrx_word' id='word_1_305' title='bbox 1510 1798 1608 1838; x_wconf 80' lang='lat' dir='ltr'>male</span> <span class='ocrx_word' id='word_1_306' title='bbox 1629 1798 1894 1850; x_wconf 68' lang='lat' dir='ltr'>interpunc&#39;ius</span> 
     </span>
     <span class='ocr_line' id='line_1_32' title="bbox 630 1849 1892 1904; baseline 0.001 -14"><span class='ocrx_word' id='word_1_307' title='bbox 630 1849 696 1890; x_wconf 84' lang='lat' dir='ltr'>hic</span> <span class='ocrx_word' id='word_1_308' title='bbox 707 1851 816 1892; x_wconf 89' lang='lat' dir='ltr'>locus</span> <span class='ocrx_word' id='word_1_309' title='bbox 827 1850 942 1890; x_wconf 90' lang='lat' dir='ltr'>hodie</span> <span class='ocrx_word' id='word_1_310' title='bbox 953 1851 1111 1903; x_wconf 82' lang='lat' dir='ltr'>legitur3</span> <span class='ocrx_word' id='word_1_311' title='bbox 1125 1852 1166 1891; x_wconf 63' lang='grc' dir='ltr'>ὅ(</span> <span class='ocrx_word' id='word_1_312' title='bbox 1178 1852 1277 1890; x_wconf 85' lang='lat' dir='ltr'>mala</span> <span class='ocrx_word' id='word_1_313' title='bbox 1288 1851 1386 1898; x_wconf 81' lang='lat' dir='ltr'>inde,</span> <span class='ocrx_word' id='word_1_314' title='bbox 1399 1862 1441 1890; x_wconf 91' lang='lat' dir='ltr'>ut</span> <span class='ocrx_word' id='word_1_315' title='bbox 1454 1865 1547 1890; x_wconf 82' lang='lat' dir='ltr'>vara</span> <span class='ocrx_word' id='word_1_316' title='bbox 1557 1851 1724 1904; x_wconf 85' lang='lat' dir='ltr'>sequitur</span> <span class='ocrx_word' id='word_1_317' title='bbox 1734 1852 1892 1901; x_wconf 69' lang='lat' dir='ltr'>vibium,</span> 
     </span>
     <span class='ocr_line' id='line_1_33' title="bbox 631 1904 1895 1958; baseline 0.002 -15"><span class='ocrx_word' id='word_1_318' title='bbox 631 1916 678 1943; x_wconf 79' lang='lat' dir='ltr'>ac</span> <span class='ocrx_word' id='word_1_319' title='bbox 689 1904 865 1944; x_wconf 88' lang='lat' dir='ltr'>recedens</span> <span class='ocrx_word' id='word_1_320' title='bbox 877 1905 924 1944; x_wconf 82' lang='lat' dir='ltr'>ab</span> <span class='ocrx_word' id='word_1_321' title='bbox 939 1916 1064 1944; x_wconf 83' lang='lat' dir='ltr'>mente</span> <span class='ocrx_word' id='word_1_322' title='bbox 1080 1905 1246 1944; x_wconf 63' lang='lat' dir='ltr'>aucioris</span> <span class='ocrx_word' id='word_1_323' title='bbox 1257 1916 1344 1944; x_wconf 81' lang='lat' dir='ltr'>nata</span> <span class='ocrx_word' id='word_1_324' title='bbox 1357 1904 1411 1944; x_wconf 90' lang='lat' dir='ltr'>est</span> <span class='ocrx_word' id='word_1_325' title='bbox 1420 1905 1562 1949; x_wconf 76' lang='lat' dir='ltr'>versio,</span> <span class='ocrx_word' id='word_1_326' title='bbox 1582 1907 1624 1944; x_wconf 86' lang='lat' dir='ltr'>In</span> <span class='ocrx_word' id='word_1_327' title='bbox 1636 1906 1804 1958; x_wconf 65' lang='lat' dir='ltr'>conspcffu</span> <span class='ocrx_word' id='word_1_328' title='bbox 1817 1923 1895 1946; x_wconf 80' lang='lat' dir='ltr'>vem</span> 
     </span>
     <span class='ocr_line' id='line_1_34' title="bbox 631 1958 1894 2011; baseline 0.002 -15"><span class='ocrx_word' id='word_1_329' title='bbox 631 1958 779 1997; x_wconf 85' lang='lat' dir='ltr'>omnium</span> <span class='ocrx_word' id='word_1_330' title='bbox 789 1974 828 1996; x_wconf 87' lang='lat' dir='ltr'>ea</span> <span class='ocrx_word' id='word_1_331' title='bbox 832 1958 967 2010; x_wconf 76' lang='lat' dir='ltr'>fizcias,</span> <span class='ocrx_word' id='word_1_332' title='bbox 979 1974 1061 2011; x_wconf 84' lang='lat' dir='ltr'><em>quae</em></span> <span class='ocrx_word' id='word_1_333' title='bbox 1077 1974 1117 1997; x_wconf 74' lang='lat' dir='ltr'>ne</span> <span class='ocrx_word' id='word_1_334' title='bbox 1125 1959 1286 2011; x_wconf 81' lang='lat' dir='ltr'>privatim</span> <span class='ocrx_word' id='word_1_335' title='bbox 1296 1960 1425 2011; x_wconf 81' lang='lat' dir='ltr'>quidem</span> <span class='ocrx_word' id='word_1_336' title='bbox 1437 1959 1601 2011; x_wconf 79' lang='lat' dir='ltr'>quispiam</span> <span class='ocrx_word' id='word_1_337' title='bbox 1613 1960 1703 1998; x_wconf 83' lang='lat' dir='ltr'><em>alius</em></span> <span class='ocrx_word' id='word_1_338' title='bbox 1707 1959 1822 2010; x_wconf 68' lang='lat' dir='ltr'>facere</span> <span class='ocrx_word' id='word_1_339' title='bbox 1830 1976 1894 1999; x_wconf 84' lang='lat' dir='ltr'>au-</span> 
     </span>
     <span class='ocr_line' id='line_1_35' title="bbox 621 2011 1892 2064; baseline 0.003 -15"><span class='ocrx_word' id='word_1_340' title='bbox 621 2013 683 2064; x_wconf 73' lang='lat' dir='ltr'>sit.</span> <span class='ocrx_word' id='word_1_341' title='bbox 697 2011 768 2050; x_wconf 89' lang='lat' dir='ltr'>Sed</span> <span class='ocrx_word' id='word_1_342' title='bbox 782 2011 996 2063; x_wconf 84' lang='lat' dir='ltr'>legendum,</span> <span class='ocrx_word' id='word_1_343' title='bbox 1010 2012 1063 2050; x_wconf 80' lang='grc' dir='ltr'>Ἐν</span> <span class='ocrx_word' id='word_1_344' title='bbox 1074 2011 1162 2062; x_wconf 62' lang='grc' dir='ltr'><strong><em>’ὄψει</em></strong></span> <span class='ocrx_word' id='word_1_345' title='bbox 1180 2011 1224 2052; x_wconf 50' lang='grc' dir='ltr'>ἑὲ</span> <span class='ocrx_word' id='word_1_346' title='bbox 1235 2012 1400 2058; x_wconf 70' lang='grc' dir='ltr'>πάντων,</span> <span class='ocrx_word' id='word_1_347' title='bbox 1414 2011 1544 2061; x_wconf 49' lang='lat' dir='ltr'>&amp;uns</span> <span class='ocrx_word' id='word_1_348' title='bbox 1556 2011 1634 2062; x_wconf 59' lang='grc' dir='ltr'><strong><em>ι’ἓίᾳ</em></strong></span> <span class='ocrx_word' id='word_1_349' title='bbox 1645 2012 1826 2052; x_wconf 64' lang='grc' dir='ltr'>ποιήσειεν</span> <span class='ocrx_word' id='word_1_350' title='bbox 1845 2014 1892 2053; x_wconf 74' lang='grc' dir='ltr'>ἂν</span> 
     </span>
     <span class='ocr_line' id='line_1_36' title="bbox 631 2062 1894 2119; baseline 0.001 -16"><span class='ocrx_word' id='word_1_351' title='bbox 631 2077 706 2111; x_wconf 75' lang='grc' dir='ltr'>τις,</span> <span class='ocrx_word' id='word_1_352' title='bbox 719 2065 862 2117; x_wconf 59' lang='grc' dir='ltr'>θοιῤῥῶν</span> <span class='ocrx_word' id='word_1_353' title='bbox 874 2065 986 2113; x_wconf 70' lang='lat' dir='ltr'>miss,</span> <span class='ocrx_word' id='word_1_354' title='bbox 996 2065 1037 2104; x_wconf 83' lang='lat'>&amp;</span> <span class='ocrx_word' id='word_1_355' title='bbox 1047 2065 1293 2111; x_wconf 84' lang='lat' dir='ltr'>reddendum,</span> <span class='ocrx_word' id='word_1_356' title='bbox 1307 2066 1348 2104; x_wconf 83' lang='lat' dir='ltr'>In</span> <span class='ocrx_word' id='word_1_357' title='bbox 1361 2066 1468 2104; x_wconf 83' lang='lat' dir='ltr'><em>oculis</em></span> <span class='ocrx_word' id='word_1_358' title='bbox 1479 2082 1554 2106; x_wconf 74' lang='lat' dir='ltr'>vero</span> <span class='ocrx_word' id='word_1_359' title='bbox 1567 2067 1726 2113; x_wconf 74' lang='lat' dir='ltr'>omnium,</span> <span class='ocrx_word' id='word_1_360' title='bbox 1742 2082 1826 2119; x_wconf 81' lang='lat' dir='ltr'><em>quae</em></span> <span class='ocrx_word' id='word_1_361' title='bbox 1839 2062 1894 2105; x_wconf 61' lang='grc' dir='ltr'>αι’-1</span> 
     </span>
     <span class='ocr_line' id='line_1_37' title="bbox 631 2119 1890 2171; baseline 0.002 -14"><span class='ocrx_word' id='word_1_362' title='bbox 631 2133 686 2157; x_wconf 84' lang='lat' dir='ltr'>mo</span> <span class='ocrx_word' id='word_1_363' title='bbox 697 2119 790 2157; x_wconf 83' lang='lat' dir='ltr'><em>ullus</em></span> <span class='ocrx_word' id='word_1_364' title='bbox 797 2119 958 2170; x_wconf 77' lang='lat' dir='ltr'>privatim</span> <span class='ocrx_word' id='word_1_365' title='bbox 969 2119 1004 2157; x_wconf 65' lang='grc' dir='ltr'>δ’</span> <span class='ocrx_word' id='word_1_366' title='bbox 1017 2121 1149 2159; x_wconf 85' lang='lat' dir='ltr'><em>remotis</em></span> <span class='ocrx_word' id='word_1_367' title='bbox 1161 2121 1297 2159; x_wconf 80' lang='lat' dir='ltr'><em>arbitris</em></span> <span class='ocrx_word' id='word_1_368' title='bbox 1304 2119 1418 2171; x_wconf 80' lang='lat' dir='ltr'>fhcere</span> <span class='ocrx_word' id='word_1_369' title='bbox 1431 2120 1467 2158; x_wconf 87' lang='lat' dir='ltr'>in</span> <span class='ocrx_word' id='word_1_370' title='bbox 1479 2121 1627 2160; x_wconf 77' lang='lat' dir='ltr'><em>animum</em></span> <span class='ocrx_word' id='word_1_371' title='bbox 1637 2121 1810 2160; x_wconf 81' lang='lat' dir='ltr'>induxerit</span> <span class='ocrx_word' id='word_1_372' title='bbox 1819 2149 1831 2168; x_wconf 82' lang='lat'><strong>‚</strong></span> <span class='ocrx_word' id='word_1_373' title='bbox 1850 2133 1890 2160; x_wconf 79' lang='lat' dir='ltr'>tu</span> 
     </span>
     <span class='ocr_line' id='line_1_38' title="bbox 628 2171 987 2223; baseline 0.003 -14"><span class='ocrx_word' id='word_1_374' title='bbox 628 2174 787 2209; x_wconf 70' lang='lat' dir='ltr'>audaaer</span> <span class='ocrx_word' id='word_1_375' title='bbox 794 2171 868 2223; x_wconf 84' lang='lat' dir='ltr'>fac.</span> <span class='ocrx_word' id='word_1_376' title='bbox 884 2171 987 2210; x_wconf 70' lang='lat' dir='ltr'>IENs.</span> 
     </span>
    </p>

    <p class='ocr_par' dir='ltr' id='par_1_9' title="bbox 627 2224 1889 2368">
     <span class='ocr_line' id='line_1_39' title="bbox 683 2224 1889 2279; baseline 0.003 -17"><span class='ocrx_word' id='word_1_377' title='bbox 683 2227 755 2262; x_wconf 79' lang='lat' dir='ltr'>ead.</span> <span class='ocrx_word' id='word_1_378' title='bbox 771 2226 792 2264; x_wconf 90' lang='lat' dir='ltr'>l.</span> <span class='ocrx_word' id='word_1_379' title='bbox 806 2240 842 2273; x_wconf 86' lang='lat'>4.</span> <span class='ocrx_word' id='word_1_380' title='bbox 854 2225 1062 2265; x_wconf 61' lang='grc' dir='ltr'>Πολὺποθοι</span> <span class='ocrx_word' id='word_1_381' title='bbox 1078 2224 1197 2278; x_wconf 64' lang='grc' dir='ltr'>ὦμον)</span> <span class='ocrx_word' id='word_1_382' title='bbox 1209 2225 1354 2266; x_wconf 87' lang='lat' dir='ltr'>Alludit</span> <span class='ocrx_word' id='word_1_383' title='bbox 1367 2226 1427 2265; x_wconf 89' lang='lat' dir='ltr'>hic</span> <span class='ocrx_word' id='word_1_384' title='bbox 1438 2227 1482 2265; x_wconf 83' lang='lat' dir='ltr'>ad</span> <span class='ocrx_word' id='word_1_385' title='bbox 1496 2226 1688 2279; x_wconf 86' lang='lat' dir='ltr'>Diogenis</span> <span class='ocrx_word' id='word_1_386' title='bbox 1700 2237 1864 2266; x_wconf 84' lang='lat' dir='ltr'>mortem</span> <span class='ocrx_word' id='word_1_387' title='bbox 1877 2257 1889 2275; x_wconf 94' lang='lat'><strong>‚</strong></span> 
     </span>
     <span class='ocr_line' id='line_1_40' title="bbox 627 2277 1888 2368; baseline 0.004 -53"><span class='ocrx_word' id='word_1_388' title='bbox 627 2277 695 2368; x_wconf 47' lang='lat' dir='ltr'>aui</span> <span class='ocrx_word' id='word_1_389' title='bbox 717 2278 820 2329; x_wconf 90' lang='lat' dir='ltr'>quod</span> <span class='ocrx_word' id='word_1_390' title='bbox 834 2291 934 2317; x_wconf 85' lang='lat' dir='ltr'>nunc</span> <span class='ocrx_word' id='word_1_391' title='bbox 960 2279 1097 2318; x_wconf 81' lang='lat' dir='ltr'>emtori</span> <span class='ocrx_word' id='word_1_392' title='bbox 1121 2279 1247 2318; x_wconf 83' lang='lat' dir='ltr'>suadet</span> <span class='ocrx_word' id='word_1_393' title='bbox 1257 2307 1268 2325; x_wconf 89' lang='lat'>,</span> <span class='ocrx_word' id='word_1_394' title='bbox 1294 2279 1372 2331; x_wconf 88' lang='lat' dir='ltr'>ipse</span> <span class='ocrx_word' id='word_1_395' title='bbox 1394 2280 1431 2318; x_wconf 88' lang='lat' dir='ltr'>in</span> <span class='ocrx_word' id='word_1_396' title='bbox 1454 2279 1490 2319; x_wconf 88' lang='lat' dir='ltr'>se</span> <span class='ocrx_word' id='word_1_397' title='bbox 1513 2279 1694 2320; x_wconf 62' lang='lat' dir='ltr'>admisnffe</span> <span class='ocrx_word' id='word_1_398' title='bbox 1716 2281 1888 2320; x_wconf 83' lang='lat' dir='ltr'>traditur.</span> 
     </span>
    </p>

    <p class='ocr_par' dir='ltr' id='par_1_10' title="bbox 626 2331 1888 2439">
     <span class='ocr_line' id='line_1_41' title="bbox 667 2331 1888 2384; baseline 0.003 -15"><span class='ocrx_word' id='word_1_399' title='bbox 667 2331 798 2370; x_wconf 77' lang='lat' dir='ltr'>onsule</span> <span class='ocrx_word' id='word_1_400' title='bbox 810 2331 977 2384; x_wconf 80' lang='lat' dir='ltr'>Diogen.</span> <span class='ocrx_word' id='word_1_401' title='bbox 991 2333 1116 2374; x_wconf 67' lang='lat' dir='ltr'>Laert.</span> <span class='ocrx_word' id='word_1_402' title='bbox 1133 2334 1205 2384; x_wconf 80' lang='lat'>156</span> <span class='ocrx_word' id='word_1_403' title='bbox 1222 2333 1272 2371; x_wconf 87' lang='lat' dir='ltr'>A.</span> <span class='ocrx_word' id='word_1_404' title='bbox 1289 2333 1331 2371; x_wconf 92' lang='lat' dir='ltr'>B.</span> <span class='ocrx_word' id='word_1_405' title='bbox 1347 2333 1387 2372; x_wconf 69' lang='lat'>&amp;-</span> <span class='ocrx_word' id='word_1_406' title='bbox 1404 2333 1439 2372; x_wconf 88' lang='lat' dir='ltr'>in</span> <span class='ocrx_word' id='word_1_407' title='bbox 1462 2346 1551 2373; x_wconf 87' lang='lat' dir='ltr'>eum</span> <span class='ocrx_word' id='word_1_408' title='bbox 1567 2334 1694 2373; x_wconf 87' lang='lat' dir='ltr'>locum</span> <span class='ocrx_word' id='word_1_409' title='bbox 1712 2333 1888 2374; x_wconf 70' lang='lat' dir='ltr'>eruditiss.</span> 
     </span>
     <span class='ocr_line' id='line_1_42' title="bbox 626 2382 1887 2439; baseline 0.004 -19"><span class='ocrx_word' id='word_1_410' title='bbox 626 2382 795 2436; x_wconf 83' lang='lat' dir='ltr'>Menagii</span> <span class='ocrx_word' id='word_1_411' title='bbox 811 2385 1112 2425; x_wconf 74' lang='lat' dir='ltr'>emendationem</span> <span class='ocrx_word' id='word_1_412' title='bbox 1125 2384 1378 2432; x_wconf 83' lang='lat' dir='ltr'>certiffimam,</span> <span class='ocrx_word' id='word_1_413' title='bbox 1389 2399 1464 2437; x_wconf 84' lang='lat' dir='ltr'>qua</span> <span class='ocrx_word' id='word_1_414' title='bbox 1478 2400 1549 2439; x_wconf 81' lang='lat' dir='ltr'>pro</span> <span class='ocrx_word' id='word_1_415' title='bbox 1562 2388 1643 2431; x_wconf 59' lang='grc' dir='ltr'>βοὸς</span> <span class='ocrx_word' id='word_1_416' title='bbox 1657 2386 1763 2426; x_wconf 71' lang='lat' dir='ltr'>07eroe</span> <span class='ocrx_word' id='word_1_417' title='bbox 1774 2387 1887 2427; x_wconf 73' lang='grc' dir='ltr'>πολύ-</span> 
     </span>
    </p>
   </div>
   <div class='ocr_carea' id='block_1_5' title="bbox 624 2436 1880 2494">
    <p class='ocr_par' dir='ltr' id='par_1_11' title="bbox 624 2436 1880 2494">
     <span class='ocr_line' id='line_1_43' title="bbox 624 2436 1880 2494; baseline 0.004 -18"><span class='ocrx_word' id='word_1_418' title='bbox 624 2436 736 2476; x_wconf 57' lang='grc' dir='ltr'>ποδα,</span> <span class='ocrx_word' id='word_1_419' title='bbox 749 2437 918 2478; x_wconf 82' lang='lat' dir='ltr'>restituit.</span> <span class='ocrx_word' id='word_1_420' title='bbox 930 2438 1017 2480; x_wconf 84' lang='lat' dir='ltr'>Tat.</span> <span class='ocrx_word' id='word_1_421' title='bbox 1031 2451 1116 2494; x_wconf 89' lang='lat' dir='ltr'>pag.</span> <span class='ocrx_word' id='word_1_422' title='bbox 1128 2439 1166 2480; x_wconf 91' lang='lat'>8.</span> <span class='ocrx_word' id='word_1_423' title='bbox 1179 2438 1448 2489; x_wconf 83' lang='lat' dir='ltr'>Athen.V111,</span> <span class='ocrx_word' id='word_1_424' title='bbox 1465 2453 1497 2494; x_wconf 84' lang='lat'>5.</span> <span class='ocrx_word' id='word_1_425' title='bbox 1519 2440 1652 2481; x_wconf 85' lang='lat' dir='ltr'>Iulian.</span> <span class='ocrx_word' id='word_1_426' title='bbox 1670 2440 1741 2482; x_wconf 77' lang='lat' dir='ltr'>Or.</span> <span class='ocrx_word' id='word_1_427' title='bbox 1752 2440 1809 2481; x_wconf 89' lang='lat' dir='ltr'>VI</span> <span class='ocrx_word' id='word_1_428' title='bbox 1826 2440 1880 2481; x_wconf 33' lang='lat' dir='ltr'>ini</span> 
     </span>
    </p>
   </div>
   <div class='ocr_carea' id='block_1_6' title="bbox 1869 224 2015 3490">
    <p class='ocr_par' dir='ltr' id='par_1_12' title="bbox 1869 224 2015 3490">
     <span class='ocr_line' id='line_1_44' title="bbox 1934 224 1982 442; baseline 0 -109"><span class='ocrx_word' id='word_1_429' title='bbox 1934 224 1982 442; x_wconf 95' lang='lat' dir='ltr'>   </span> 
     </span>
     <span class='ocr_line' id='line_1_45' title="bbox 1943 546 1990 758; baseline 0 -160"><span class='ocrx_word' id='word_1_430' title='bbox 1943 546 1990 758; x_wconf 95' lang='lat' dir='ltr'>    </span> 
     </span>
     <span class='ocr_line' id='line_1_46' title="bbox 1947 758 1993 807; baseline 0 2683"><span class='ocrx_word' id='word_1_431' title='bbox 1947 758 1993 807; x_wconf 95' lang='lat' dir='ltr'> </span> 
     </span>
     <span class='ocr_line' id='line_1_47' title="bbox 1948 807 1997 1077; baseline 0 -209"><span class='ocrx_word' id='word_1_432' title='bbox 1948 807 1997 1077; x_wconf 95' lang='lat' dir='ltr'>    </span> 
     </span>
     <span class='ocr_line' id='line_1_48' title="bbox 1952 1077 2000 1289; baseline 0 -157"><span class='ocrx_word' id='word_1_433' title='bbox 1952 1077 2000 1289; x_wconf 95' lang='lat' dir='ltr'>    </span> 
     </span>
     <span class='ocr_line' id='line_1_49' title="bbox 1956 1289 2000 1344; baseline 0 2146"><span class='ocrx_word' id='word_1_434' title='bbox 1956 1289 2000 1344; x_wconf 95' lang='lat' dir='ltr'> </span> 
     </span>
     <span class='ocr_line' id='line_1_50' title="bbox 1957 1344 2007 1504; baseline 0 -95"><span class='ocrx_word' id='word_1_435' title='bbox 1957 1344 2007 1504; x_wconf 95' lang='lat' dir='ltr'>   </span> 
     </span>
     <span class='ocr_line' id='line_1_51' title="bbox 1960 1504 2015 1772; baseline 0 -201"><span class='ocrx_word' id='word_1_436' title='bbox 1960 1504 2015 1772; x_wconf 95' lang='lat' dir='ltr'>    </span> 
     </span>
     <span class='ocr_line' id='line_1_52' title="bbox 1962 1772 2015 1985; baseline 0 -109"><span class='ocrx_word' id='word_1_437' title='bbox 1962 1772 2015 1985; x_wconf 95' lang='lat' dir='ltr'>   </span> 
     </span>
     <span class='ocr_line' id='line_1_53' title="bbox 1966 1985 2015 2197; baseline 0 -140"><span class='ocrx_word' id='word_1_438' title='bbox 1966 1985 2015 2197; x_wconf 95' lang='lat' dir='ltr'>    </span> 
     </span>
     <span class='ocr_line' id='line_1_54' title="bbox 1968 2197 2015 2467; baseline 0 -109"><span class='ocrx_word' id='word_1_439' title='bbox 1968 2197 2015 2467; x_wconf 95' lang='lat' dir='ltr'>    </span> 
     </span>
     <span class='ocr_line' id='line_1_55' title="bbox 1869 2467 2015 3490; baseline 0 -967"><span class='ocrx_word' id='word_1_440' title='bbox 1869 2467 2015 3490; x_wconf 95' lang='lat' dir='ltr'>  </span> 
     </span>
    </p>
   </div>
  </div>
 </body>
</html>
