2015 3490
295 265 401 311 IN
468 247 1132 310 APOLOGIAM.
1268 277 1351 329 575

78 357 173 397 edit.
186 355 270 408 Ego
285 353 436 394 causam
452 366 532 393 non
556 354 671 393 video
685 384 698 400 ,
713 352 773 392 sed
787 352 982 405 vulgatam
1004 353 1140 401 servo,
1153 368 1252 408 quae
1267 356 1362 394 mihi

79 412 150 451 -vel
164 410 300 449 melior
323 408 600 460 videtur3quia
624 408 789 445 aoristus
807 419 891 446 eam
909 409 986 446 vim
1004 408 1140 455 habet,
1155 421 1198 448 ut
1217 409 1360 462 signifi-

83 475 148 504 cet
162 465 197 503 id
208 493 219 510 ,
235 464 341 516 quod
355 461 479 501 facere
494 460 679 508 solemus,
694 471 739 499 ut
760 461 845 499 alibi
867 462 941 499 iam
961 462 1131 514 pluribus
1148 464 1246 509 dixi,
1263 466 1360 515 quin

87 517 127 558 &
141 517 261 556 statim
277 516 444 568 sequitur
455 514 738 564 ἐξομοσάμενος.
751 514 898 553 ΗΕΙΤΖ.
1076 553 1078 555 ,

141 574 216 610 ead.
231 571 253 608 l.
268 570 304 610 8.
325 569 381 608 Εἰς
399 571 462 607 τον
485 570 622 606 κόλπον
638 567 821 620 πτύσας)
841 567 981 607 Erasm.
1005 569 1044 607 in
1070 569 1175 621 adag.
1194 567 1241 608 'ln
1263 582 1359 610 tuum

89 625 197 676 ipfius
205 626 320 675 finum
335 622 465 674 inspue.
485 622 624 661 BROD.
638 621 701 660 Sic
722 635 756 674 p.
781 624 870 674 936.
888 622 956 661 hac
971 623 1015 660 de
1031 635 1072 661 re
1087 624 1244 675 copiose
1258 626 1303 662 ad
1317 625 1362 663 il-

88 678 155 719 lud
170 677 324 717 Petron.
339 690 387 715 ter
399 691 448 715 me
463 675 553 725 iuffit
567 675 736 727 exspuere.
754 675 928 714 BOURD.
942 676 1072 715 Huius
1091 678 1212 716 moris
1222 708 1232 725 ,
1253 680 1361 731 quod

86 731 240 784 quidem
261 730 373 770 sciam
387 759 398 777 ‚
421 740 570 782 praeter
590 729 802 768 Lucianum
834 730 1003 768 meminit
1022 730 1092 768 hac
1114 731 1150 769 in
1171 744 1212 770 re
1230 745 1358 771 nemo.

86 785 190 824 Nam
211 785 316 838 quod
335 784 438 836 apud
453 781 763 835 Theophrastum
781 782 952 835 aliosthe
972 782 1007 821 id
1028 783 1258 832 factitatum,
1275 785 1359 825 viso

87 839 220 891 aliquo
243 836 437 885 monstro,
463 847 529 876 aut
549 835 636 875 mali
657 836 800 875 ominis
821 838 1099 876 averruncandi
1116 837 1250 884 causa,
1266 841 1362 892 legi-

86 905 173 932 mus
181 908 194 941 3
209 892 351 944 longe,
366 904 451 930 mea
471 891 623 943 quidem
643 889 849 939 sententia,
866 891 914 929 ab
935 890 1012 930 hoc
1035 905 1145 931 more
1164 892 1359 933 abhorret.

86 945 189 998 Quo
205 945 233 984 fi
247 947 338 999 quid
352 955 579 997 arroganter
596 943 696 983 forte
712 944 751 982 in
766 944 861 983 alios
880 943 1020 983 dicium
1041 945 1131 984 esset
1142 974 1153 992 ‚
1176 957 1242 985 aut
1256 948 1302 986 de
1322 946 1361 986 se

89 999 290 1052 magnifice
305 1000 417 1038 nimis
431 999 716 1051 praedicatum,
734 997 944 1037 Adrasteae
960 1012 1054 1037 mox
1068 1000 1162 1038 iram
1180 1000 1363 1052 depreca-

86 1065 198 1094 turos
215 1052 251 1093 se
262 1084 274 1102 ‚
290 1053 466 1105 malaque
481 1062 813 1092 averruncaturos
826 1051 1069 1104 superstitiofi
1085 1053 1259 1093 homines
1277 1054 1361 1107 speu

86 1108 233 1147 rabant.
247 1106 396 1147 Confer
408 1107 523 1145 etiam
538 1102 637 1156 Εὖχ.
652 1118 733 1157 cap.
750 1119 809 1158 15.
820 1106 923 1144 Vide
934 1117 1062 1145 tamen
1075 1107 1204 1147 locum
1218 1121 1265 1147 ex
1281 1111 1360 1147 Ae—

21 1181 38 1210 .'
85 1161 224 1213 schylo
238 1175 259 1200 a
275 1160 483 1200 Plutarcho
498 1160 654 1199 allatum
670 1158 709 1197 in
722 1158 784 1197 lib.
806 1158 852 1198 de
865 1158 958 1199 Iside
971 1160 1026 1199 ed.
1049 1161 1149 1199 Han.
1168 1175 1203 1214 p.
1223 1175 1244 1200 2
1255 1162 1298 1213 58
1315 1162 1360 1201 E.

85 1214 317 1255 ἀποπτύσαι
333 1213 471 1253 seinai
485 1211 718 1265 καθήρασθαι
731 1215 775 1251 τὶ
792 1213 919 1262 στόμα
929 1243 940 1260 ,
962 1213 1050 1252 κατ’
1063 1215 1268 1267 Αἰσχύλον.
1282 1216 1359 1256 Lo-

84 1282 158 1309 cus
170 1279 299 1308 autem
313 1267 571 1320 Theophrasti
586 1267 645 1306 hic
668 1265 722 1305 est
740 1267 780 1304 in
801 1266 888 1305 Eth.
907 1266 1023 1306 Char.
1040 1268 1161 1315 XVI,
1183 1282 1268 1321 pag.
1289 1285 1359 1323 49,

83 1321 301 1374 μαινόμενόν
313 1337 356 1362 τε
369 1321 455 1361 isam
469 1322 488 1362 ii
511 1321 721 1361 ἐπίληπτον
739 1319 878 1372 φρίξας
893 1320 943 1360 εἰς
956 1321 1095 1361 κόλπον
1108 1323 1269 1362 πτύσαι.
1282 1325 1358 1363 Vi-

83 1378 131 1417 de
142 1377 312 1417 Theocr.
327 1376 381 1415 Id.
394 1375 472 1422 VI,
488 1389 536 1428 39
548 1404 558 1423 ‚
573 1374 615 1414 &
628 1373 778 1419 XXIV,
795 1388 841 1427 19
855 1403 865 1419 ,
881 1374 927 1413 ὧς
941 1375 991 1423 μὴ
1006 1375 1202 1420 βασκανθῶ
1217 1376 1262 1415 s&
1277 1379 1357 1429 τρὶς

81 1430 138 1471 ,εἰς
149 1430 232 1481 ἐμὸν
245 1429 398 1470 ἐ’πτυσα
410 1428 562 1469 κόλπον.
576 1428 653 1468 Ubi
666 1427 890 1467 scholiastes
903 1427 1066 1468 factitari
1080 1430 1156 1469 hoc
1171 1443 1193 1469 a
1206 1432 1357 1471 mulier-

84 1484 182 1525 culis
202 1483 421 1535 praesertim
436 1483 550 1522 docet
572 1485 614 1520 ’τὸ
632 1484 834 1532 νεμεσητὸν
855 1483 1220 1532 averruncantibus,
1240 1484 1359 1527 Calli-¹

84 1537 348 1590 machumque
362 1537 511 1578 adducit
523 1536 668 1576 testem.
683 1535 843 1575 SOLAN.

138 1594 212 1632 ead.
232 1593 254 1631 l.
274 1607 289 1631 1
302 1606 335 1631 1.
352 1590 559 1644 Αἰσχίνην)
581 1588 809 1630 Aeschinem
831 1600 967 1629 contra
982 1590 1237 1632 Timarch.V.
1255 1592 1355 1632 Plur.

84 1647 190 1695 624,
206 1660 238 1687 1.
253 1645 413 1686 SOLAN.

138 1703 211 1739 ead.
221 1702 246 1740 l.
261 1712 321 1739 12.
332 1701 389 1737 T&
404 1697 515 1750 ὅμοια
530 1695 768 1750 πάσχοντα)
782 1698 968 1736 Muliebria
978 1698 1169 1749 patientem.
1185 1699 1326 1739 BROD.

125 1757 212 1793 ¹ead.
225 1755 251 1793 l.
270 1767 328 1802 14.
344 1752 489 1794 Εὔθυνεν
501 1752 564 1792 ἐπὶ
576 1752 674 1804 τοῖς)
685 1752 778 1790 Eius
791 1767 880 1791 reum
885 1751 974 1802 fecit
980 1781 992 1799 ‚
1008 1755 1099 1804 quod
1114 1754 1150 1792 in
1163 1754 1355 1805 adolescen-

85 1808 136 1848 tia
150 1808 309 1858 commisit
320 1807 483 1855 criminis,
498 1807 573 1846 hoc
588 1806 642 1846 est
651 1835 661 1853 ‚
675 1806 912 1858 impudicitiae.
928 1806 1070 1845 BROD.

139 1862 176 1902 in
189 1862 303 1902 schol.
321 1862 384 1901 col.
403 1875 435 1900 1.
454 1862 478 1900 l.
495 1875 529 1914 3.
545 1860 691 1900 Melius
705 1860 780 1899 hoc
794 1860 1002 1900 referretur
1020 1861 1066 1899 ad
1083 1861 1355 1915 θρασυνάμενος

22 1959 25 1964 ,
82 1914 212 1969 supra.
232 1915 390 1955 SOLAN.

141 1970 231 2022 Pag.
246 1970 368 2020 276.l.
386 1957 739 2022 3.Ἀποκηρύττειν)
759 1966 889 2006 Scribe
912 1967 1189 2019 ἀποκηρύττων.
1211 1968 1355 2009 BROD.'

83 2022 388 2076 Ἀποκηρύττων)
403 2022 559 2062 Finiens
570 2022 705 2061 deinde
719 2021 882 2060 Sabinus
896 2020 1001 2061 suam
1014 2023 1052 2060 in
1069 2023 1278 2061 Lucianum
1292 2036 1353 2062 ac-

85 2077 334 2125 cusationem,
347 2080 390 2116 τὶ)
406 2076 444 2115 ‹9'
458 2075 553 2122 ὅλον,
565 2076 705 2129 inquit,
717 2075 836 2124 ἐκείνῳ
851 2074 902 2124 τῷ
912 2076 1201 2127 φαρμακοπώλῃ
1217 2078 1355 2122 ἔοικας,

84 2131 125 2170 ὃς
146 2130 416 2184 ἀποκηρύττειν
435 2130 559 2184 βηχὸς
585 2130 801 2182 φάρμακον,
829 2130 891 2167 καὶ
917 2124 1058 2167 αὐτίκα
1079 2129 1239 2169 παύσειν
1264 2130 1352 2170 τοὺς

26 2227 28 2230 ,
85 2184 326 2236 πάσχοντας
344 2182 663 2235 ὑπισχνούμενος,
683 2179 800 2222 αύτος
816 2182 968 2233 μεταξὺ
985 2184 1176 2233 σπώμενος
1195 2180 1267 2223 ὕπο
1286 2184 1352 2228 βη-

84 2240 163 2292 χὸς
176 2239 353 2286 ἐφαίνετο.
368 2238 523 2277 Nemini
537 2237 692 2291 prorsus
703 2237 862 2275 dubium
875 2236 949 2276 effe
963 2236 1073 2289 poffit
1083 2266 1093 2283 ‚
1108 2238 1201 2289 quin
1215 2238 1353 2278 Lucia-

86 2305 161 2340 nus
175 2291 357 2345 scripserit
368 2291 647 2344 ἀποκηρύττων.
660 2291 791 2330 Similis
802 2306 836 2329 es
846 2291 897 2329 illi
909 2291 1211 2343 Pharmacopolae,
1225 2293 1281 2344 qui
1291 2308 1354 2331 me—

85 2347 235 2385 dicamen
252 2347 344 2398 tuffis
352 2346 569 2399 praedicans,
586 2345 665 2397 &se
675 2345 765 2384 illico
779 2359 849 2393 eos,
861 2346 918 2397 qui
931 2345 1120 2384 laborarent
1133 2346 1209 2391 illa,
1229 2347 1350 2384 libera-

86 2412 199 2439 turum
209 2400 429 2453 promittens,
452 2400 576 2438 interea
597 2399 665 2451 ips}
687 2399 954 2451 conspiciebatur
969 2414 992 2437 a
1013 2398 1092 2448 tuffi
1108 2399 1193 2438 male
1212 2401 1350 2439 habens.

84 2453 203 2494 Hunc
215 2454 345 2494 locum
359 2454 410 2492 ita
423 2454 640 2505 legendum,
655 2454 693 2492 in
707 2464 875 2492 mentem
886 2453 992 2492 venit
1003 2465 1163 2505 quoque
1173 2453 1353 2493 Brodaeo

83 2506 184 2547 dicto
198 2508 302 2547 loco.
321 2507 430 2546 IENs.
445 2507 722 2559 Ἀποκηρὺττων
742 2507 798 2545 Μ.
822 2505 863 2545 &
878 2507 919 2547 L.
945 2507 1000 2548 uti
1018 2506 1160 2549 Ienfius
1175 2508 1351 2548 coniece-

79 2572 150 2604 rat.
164 2560 294 2604 Ceteri
304 2560 392 2602 libri
405 2561 687 2616 ἀποκηρύττειν.
701 2559 860 2601 SOLAN.
