2015 3490
637 225 730 272 392
839 187 1705 258 ANNoT'ATIONEs

634 295 775 347 liquet:
794 305 896 334 certe
914 294 1051 345 aurifex
1073 294 1113 332 in
1131 293 1287 346 optimis
1309 293 1450 335 Gloffis
1474 296 1641 336 redditur
1660 297 1901 352 χρυσοχόος,

635 361 732 394 non,
746 348 854 400 quod
871 349 1028 401 propius
1040 348 1086 386 ad
1099 347 1256 386 Latinae
1268 348 1378 387 vocis
1391 349 1578 388 rationem
1593 351 1797 399 accederet,
1809 365 1903 404 χρυ-

635 403 798 441 σοποιὸς.
814 401 989 440 Budaeus
1004 402 1132 446 etiam,
1146 400 1238 440 teste
1250 401 1457 454 Stephano,
1470 414 1550 441 non
1561 402 1649 449 alia,
1661 417 1774 456 quam
1787 407 1902 445 unius

636 455 819 502 Luciam,
836 455 1064 494 ευξὶοτίῑειῑε
1079 454 1113 492 id
1128 454 1236 494 verbi
1254 455 1405 494 munire
1423 456 1563 508 potuit.
1580 456 1732 497 Idcirco
1746 458 1902 498 animus

636 508 804 555 inclinat,
817 519 859 547 ut
875 509 1040 554 credam,
1054 506 1231 560 scripfiffe
1242 507 1427 547 Nostrum
1440 509 1672 562 χρυσοχόων.
1685 511 1775 550 Hoc
1787 523 1904 551 voca·

636 561 771 600 bulum
789 574 860 612 pro
873 561 988 601 fabris
1000 562 1158 600 aurariis
1173 561 1380 601 admodum
1393 561 1447 601 est
1464 562 1668 602 familiare:
1684 564 1904 604 Dioscorid.

639 615 695 664 V,
712 628 779 667 ¹73
793 629 800 651 :
815 611 1028 666 Εὑρίσκεται
1041 615 1089 653 «Γέ
1099 628 1157 654 τις
1169 615 1202 653 ἐν
1216 614 1266 664 τῇ
1278 615 1409 665 Σαμίᾳ
1421 614 1476 670 γῆ
1489 616 1598 662 λίθος,
1610 613 1638 664 ᾧ
1651 615 1679 656 οἱ
1691 618 1901 671 χρυσοχόοι

638 667 809 722 χρῶνται
820 670 919 720 ,προς
934 669 976 707 τὸ
992 669 1144 707 λεαίνειν
1165 667 1231 706 καὶ
1247 667 1429 713 στιλβοῦν.
1450 668 1573 709 Clem.
1588 670 1700 710 Alex.
1721 670 1828 710 Paed.
1845 671 1878 710 Π
1886 700 1902 718 ,

637 734 726 774 pag.
743 734 816 773 190
829 752 839 769 ,
852 736 890 761 v.
911 736 945 775 3,
960 720 1100 773 λύχνος
1112 722 1296 772 κεραμέως
1314 717 1352 760 οὗ
1364 724 1582 775 χρυσοχόου
1594 723 1710 775 ἔργον·
1724 725 1811 763 vide
1825 725 1907 764 He·

636 774 746 826 sych.
764 776 801 813 in
816 776 1085 827 Θερμαυστρὶς,
1098 774 1199 814 Suid.
1214 775 1252 813 in
1265 776 1452 822 Χαλκεὺς,
1463 778 1529 827 qui
1542 777 1617 816 hoc
1629 789 1772 816 nomen
1787 778 1902 817 etiam

637 829 857 883 χρυσοχόον
871 828 1074 881 compleffi
1088 827 1279 867 observat.
1295 828 1385 868 Inde
1399 828 1601 869 aurificum
1615 830 1793 870 officinae
1812 845 1905 884 χρυ-

639 883 829 934 σοχοεῖα,
848 883 932 929 vel,
947 894 991 921 ut
1012 882 1122 934 saepe
1142 881 1371 929 scribuntur,
1394 883 1631 934 χρυσοχόϊα·
1646 883 1785 935 Polyb.
1800 885 1902 937 apud

642 936 784 976 Athen.
796 937 848 984 V,
862 951 897 988 p.
913 951 926 974 1
935 951 981 989 93
1000 935 1052 974 D.
1070 937 1115 988 de
1127 937 1328 975 Antiocho
1339 936 1552 989 Epiphane:
1569 937 1748 986 μάλιστα
1758 937 1802 977 δὲ
1815 941 1906 990 προς

641 989 720 1028 τοῖς
733 990 1031 1042 ἁργυροκοπειοις
1043 994 1227 1041 ευρέσκετο
1240 990 1304 1029 καὶ
1317 989 1563 1042 χρυσοχοῖοις
1575 987 1829 1044 εὑρησιλογῶν·
1844 1004 1906 1031 ea-

642 1045 728 1082 dem
742 1057 762 1081 a
784 1045 943 1082 Libanio
955 1042 1082 1081 iuncta
1093 1043 1141 1082 T.
1160 1043 1196 1081 II
1207 1073 1215 1089 ,
1230 1056 1313 1096 pag.
1332 1045 1408 1093 647
1422 1043 1469 1083 C.
1484 1043 1761 1096 ἀργυροκοπεῒα
1775 1059 1818 1083 τε
1839 1045 1906 1084 καὶ

641 1098 871 1151 χρυσοχόων
881 1097 1124 1150 {pycta-timot.
1137 1097 1304 1136 Zenonis
1313 1096 1439 1136 Cittiei
1450 1096 1797 1138 aClementelocus
1807 1111 1909 1150 egre-

641 1152 730 1203 gius
752 1149 910 1190 affertur
933 1150 1090 1203 Paedag.
1105 1150 1183 1195 ΙΙΙ,
1208 1164 1245 1203 p.
1269 1164 1360 1202 297,
1374 1165 1414 1189 v.
1429 1164 1469 1201 7,
1485 1164 1566 1203 quo
1579 1151 1768 1191 modestae
1790 1153 1909 1205 virgi-

643 1205 702 1242 nis
717 1204 920 1257 imaginem
934 1203 1175 1244 efformavit:
1193 1204 1352 1243 ἀπέστω
1365 1203 1410 1244 δὲ
1424 1204 1490 1243 καὶ
1512 1203 1528 1242 ὃ
1549 1205 1628 1242 ἀπὶ)
1647 1203 1719 1244 τῶν
1735 1219 1908 1258 μυροπω-

642 1257 743 1303 λίων,
760 1258 824 1295 καὶ
844 1257 1087 1310 χρυσοχοίων
1109 1258 1174 1296 καὶ
1196 1257 1410 1308 ἐριοπωλίων
1431 1257 1538 1296 αλυς·
1561 1257 1628 1296 ubi
1650 1271 1789 1297 vocem
1813 1259 1910 1298 ulti-

643 1323 746 1349 mam
760 1311 945 1363 interpres
955 1313 1046 1350 dum
1058 1311 1233 1361 caliginem
1251 1312 1365 1350 vertit
1378 1341 1386 1351 .
1401 1310 1538 1362 ἄχλυς
1550 1310 1586 1350 se
1599 1310 1745 1363 legiffe,
1761 1312 1822 1351 vel
1837 1311 1907 1351 sal-

643 1375 722 1403 tem
739 1364 901 1404 voluiffe
922 1365 1017 1416 legi,
1038 1363 1230 1404 manifeste
1243 1363 1449 1417 fignificat,
1472 1364 1532 1403 sed
1547 1377 1678 1404 errore
1692 1377 1833 1417 magno
1854 1366 1908 1404 la-

645 1417 757 1471 psus:
775 1419 932 1470 gravius
953 1416 1115 1457 offendit
1134 1419 1171 1456 in
1186 1418 1321 1457 eodem
1337 1417 1533 1458 vocabulo
1547 1431 1633 1471 pag.
1651 1432 1722 1472 192
1735 1449 1747 1467 ‚
1759 1433 1799 1458 v.
1816 1432 1850 1472 5,
1865 1419 1907 1459 &

644 1484 803 1524 pravam
820 1471 1000 1511 mirificae
1015 1471 1200 1511 versionis
1212 1471 1453 1524 stribliginem
1465 1471 1514 1510 ab
1525 1473 1671 1512 editore
1683 1472 1907 1522 noviffimo,

644 1526 754 1578 quod
770 1525 903 1573 miror,
915 1527 1069 1577 impune
1083 1526 1177 1564 tulit.
1196 1526 1356 1564 HEMST.

700 1582 773 1618 ead.
789 1580 811 1617 l.
829 1593 885 1632 13.
899 1581 944 1616 Tb
959 1578 1003 1618 δὲ
1017 1579 1320 1631 παριστάμενον)
1346 1579 1524 1632 Quidquid
1543 1579 1573 1616 ei
1592 1579 1627 1618 in
1648 1592 1785 1619 mentem
1805 1581 1906 1621 venit.

645 1631 816 1672 Consule
827 1633 865 1671 in
877 1631 991 1672 Cleio
1006 1632 1262 1672 Herodotum.
1279 1634 1418 1672 BROD.
1433 1633 1525 1672 Non
1540 1632 1636 1673 bene
1651 1634 1826 1680 vertitur,
1844 1650 1908 1681 ea,

647 1702 733 1739 quae
745 1700 861 1739 urgent
870 1717 881 1734 ‚
899 1687 995 1726 libere
1009 1687 1112 1725 dicere
1120 1702 1138 1734 ,-
1153 1687 1228 1725 hoc
1241 1687 1340 1726 enim
1355 1686 1480 1726 voluit
1495 1686 1688 1727 Lucianus
1696 1717 1711 1734 ,
1724 1688 1841 1726 mentis
1855 1703 1911 1727 co-

645 1741 758 1792 gitata
770 1741 863 1778 libere
876 1740 999 1779 dicere.-
1014 1741 1284 1791 παρίστασθαι
1303 1739 1404 1780 estin
1423 1752 1558 1779 mentem
1579 1741 1708 1790 venire,
1723 1741 1835 1781 animo
1850 1743 1909 1780 ob-

648 1793 786 1844 versari.
799 1793 888 1832 Plat.
911 1793 949 1832 in
962 1793 1182 1833 Phaedone:
1196 1791 1292 1832 ὥστε
1310 1809 1372 1841 μοι
1394 1793 1663 1846 παρίστασῢαι
1672 1824 1687 1842 ,
1708 1796 1758 1834 ita
1772 1806 1812 1834 ut
1823 1795 1908 1834 mihi

647 1847 790 1893 videtur,
802 1859 840 1886 ut
851 1847 972 1898 sentio.
987 1847 1161 1888 GRAEV.
1174 1847 1262 1886 Iure
1276 1847 1470 1888 Graevius
1482 1848 1522 1886 in
1540 1848 1767 1901 interpretes
1781 1848 1909 1887 anim-

647 1900 812 1940 advertit
822 1915 834 1949 3
849 1900 908 1941 sed
921 1913 1020 1953 quae
1030 1910 1142 1941 notat
1153 1902 1217 1941 vir
1228 1902 1401 1948 eximius,
1415 1915 1435 1940 a
1450 1901 1608 1941 Budaeo
1625 1901 1709 1941 sunt
1721 1903 1910 1948 derivata,

647 1955 716 2006 qui
731 1955 872 1994 dudum
885 1955 983 1993 illam
998 1953 1223 2007 potestatem
1236 1956 1346 1994 verbi
1359 1956 1626 2007 παρίστασθαι
1638 1956 1907 2008 explanaverat

649 2007 694 2046 C.
711 2008 752 2047 L.
765 2008 816 2049 G.
830 2023 866 2061 p.
882 2022 971 2058 217,
985 2008 1074 2048 218.
1088 2007 1209 2061 Saepe
1220 2022 1320 2062 quae
1332 2021 1381 2048 ex
1395 2008 1577 2061 praesenti
1591 2022 1718 2048 rerum
1733 2009 1829 2049 statu
1841 2023 1910 2053 co-

649 2063 854 2113 gitationes
865 2062 975 2102 nobis
989 2062 1184 2110 oriuntur,
1198 2062 1466 2114 vroepa‘rtaoz-oet
1484 2061 1531 2111 τῇ
1543 2061 1664 2113 ψυχῇ
1678 2063 1717 2102 &
1732 2063 1908 2115 simplici-

650 2125 708 2154 ter
720 2118 987 2167 παρίστασῧαι
998 2146 1008 2162 ,
1021 2116 1187 2167 obverfim'
1199 2117 1312 2155 animo
1320 2146 1333 2162 ‚
1348 2116 1447 2154 menti
1457 2116 1519 2168 effe
1525 2118 1654 2169 praesto
1663 2147 1675 2164 ‚
1689 2116 1760 2157 dici
1773 2116 1907 2156 solent.

649 2169 830 2222 Sophocl.
846 2169 945 2209 Oed.
959 2170 1059 2220 Tyr.
1073 2184 1111 2208 v.
1130 2183 1202 2221 92¹
1212 2199 1221 2213 ,
1240 2192 1284 2199 —-
1297 2169 1397 2221 ἓόξα
1408 2170 1470 2219 μοὶ
1483 2169 1715 2222 παρεσταθη·
1731 2171 1835 2222 quod
1849 2171 1910 2209 iti-

650 2223 733 2261 dem
745 2222 965 2276 frequenter
975 2223 1194 2275 Dionysius
1207 2224 1329 2262 Halic.
1345 2222 1551 2275 usurpavit.
1561 2222 1710 2262 Aristid.
1720 2223 1768 2263 T.
1781 2223 1835 2263 Ill
1845 2253 1858 2270 ,
1872 2237 1910 2276 p.

656 2289 729 2329 507
743 2277 793 2316 A.
808 2277 837 2316 εἰ
850 2279 928 2330 ’γὰρ
940 2276 1092 2327 ἑκάστῳ
1106 2275 1210 2316 τοῦτ’
1221 2278 1255 2316 ἐν
1267 2276 1448 2329 τῇψυχῇ
1461 2278 1703 2328 παρασταίη,
1716 2277 1780 2316 καὶ
1794 2275 1904 2317 τοῦτο

649 2330 793 2370 πάντες
808 2331 1007 2370 πεισδεῖεν.
1021 2331 1122 2371 Hinc
1132 2333 1175 2370 τὸ
1187 2333 1391 2383 παραστὰν
1406 2332 1446 2370 &
1462 2332 1504 2369 τὶ
1519 2330 1808 2381 παριστάμενον,
1817 2333 1910 2384 quod

643 2383 760 2435 subito
772 2385 871 2423 menti
883 2386 1041 2434 occurrit,
1054 2401 1069 2423 e
1081 2400 1113 2423 re
1125 2396 1207 2423 nata
1219 2386 1385 2437 cogitatio.
1399 2383 1544 2424 Ctefias
1556 2385 1592 2422 in
1606 2385 1696 2424 Exc.
1710 2399 1746 2437 p.
1760 2385 1852 2434 647,
1865 2399 1906 2424 V.

635 2452 676 2485 ,4
689 2468 698 2485 ,
715 2440 950 2478 Artaxerxes
967 2438 1016 2488 τξῖ
1030 2439 1143 2490 μητρὶ
1156 2441 1199 2476 τὸ
1219 2439 1496 2491 παριστάμενον
1518 2433 1616 2486 αὗτῖῖ
1630 2439 1810 2488 πράττειν
1824 2438 1910 2476 ἑπι-

650 2492 779 2544 τρέπει
791 2523 801 2540 ,
816 2494 917 2531 matri
929 2494 1093 2547 quidquid
1095 2493 1259 2547 placuerit
1265 2523 1279 2540 ,
1294 2505 1332 2532 ut
1346 2493 1548 2547 Apollonide
1561 2493 1682 2532 medico
1686 2491 1817 2544 finiat,
1825 2505 1904 2544 pcr-
