2015 3490
331 254 432 299 IN
501 247 1092 299 CATAPLUM.
1264 269 1349 320 505

71 342 150 384 cul.
165 341 270 382 Dico
283 341 353 382 hac
366 342 413 381 de
428 354 469 382 re
485 342 582 381 alibi.
599 342 695 382 Sunt
709 354 836 382 tamen
848 373 860 389 ‚
872 344 940 396 qui
956 344 1154 395 τύμπανον
1170 344 1229 384 hic
1244 346 1358 385 inter-

74 407 273 452 pretentur
287 395 393 448 ξύλον
409 393 436 434 ἑξῖ
447 395 534 436 τοὺς
546 396 911 436 καταδικασθέντας
925 396 1104 448 ἐφόνευον.
1121 399 1201 438 dixi
1216 399 1261 439 de
1280 400 1358 440 hoc

73 451 260 504 supplicio
275 451 321 489 ad
337 450 426 489 illud
441 450 592 490 Petron.
606 453 781 489 debeamus
795 452 876 489 tenti
882 454 1000 502 perire.
1018 453 1114 492 Bou
1121 465 1191 492 RD.
1210 453 1356 506 Spanh.

74 506 121 545 ad
138 504 334 557 Aristoph.
358 504 454 543 Plut.
470 518 511 543 v.
528 519 606 552 470
621 504 807 550 ostendit,
828 516 909 543 tum
934 505 1086 545 fustium
1106 506 1331 560 supplicium
1344 537 1357 556 ,

75 571 160 599 tum
175 556 418 598 fidicularum
438 559 652 598 cruciatum
669 559 741 597 hac
758 571 858 598 voce
877 560 1016 599 notari.
1030 560 1207 600 Alterum
1225 574 1356 601 autem

76 612 305 664 supplicium
317 641 327 658 ,
347 611 464 651 nolim
481 624 636 651 crucem
650 623 802 651 vertere
814 643 825 659 ‚
840 626 939 664 quae
963 617 1123 666 σταυρὸς
1138 614 1192 654 est
1205 645 1216 660 ‚
1231 616 1271 654 &
1286 615 1357 654 τοῦ

76 671 105 704 T
119 666 282 718 figuram
302 665 428 705 habet.
440 666 532 703 Ἀπὸ
548 664 614 705 τοῦ
626 668 812 706 σκόλοπος
833 667 936 706 acuti
956 668 1070 707 notio
1085 667 1271 722 separari,
1287 683 1360 722 pu-

77 729 141 768 to,
157 733 237 760 non
253 719 388 773 potest.
404 719 535 760 GESN.

131 775 210 813 ibid.
224 773 458 826 Τυμπανου)
479 773 510 812 F
513 772 684 813 ustuario
706 773 922 814 muIRatos.
940 772 1132 824 Τύμπανα
1150 777 1231 829 γὰρ
1255 775 1358 827 ξύλα

75 823 134 868 οἷς
149 827 364 868 τύπτονται
378 828 412 867 ἐν
422 827 505 867 τοῖς
520 827 775 880 δικαστηρίοις
788 828 818 866 οἱ
834 828 1107 879 τιμωρούμενοι.
1119 831 1287 869 VORST.

130 884 203 921 ead.
225 882 248 920 l.
266 883 325 921 16.
347 881 552 934 Κυνίσκος)
576 882 637 921 Ad
658 882 694 921 h.
712 896 751 920 v.
773 882 843 920 Ms.
864 882 961 934 Reg.
988 897 1091 936 2954
1109 884 1184 923 hoc
1199 885 1358 923 exhibet

75 935 280 976 Scholion:
293 938 358 975 Thu
372 936 539 975 Κυνίσκον
549 935 586 974 ὃν
604 939 744 975 κυνικὸν
759 934 962 986 φιλόσοφον
984 938 1101 976 καλεῖ
1114 938 1187 976 sn&
1206 941 1249 976 ‘rb
1271 939 1359 977 τοὺς

79 989 243 1030 κυνικοὺς
262 988 491 1040 φιλοσόφους
503 989 750 1043 ἐλεγκτικοὺς
763 986 856 1031 εἶναι
869 1019 880 1038 ,
893 991 956 1029 καὶ
973 988 1019 1029 ὦς
1034 991 1143 1032 κύνας
1157 992 1244 1031 τοὺς
1257 1008 1360 1045 παρ-

75 1043 191 1083 όντας
203 1041 394 1083 ὑλακτεῖν.
515 1087 539 1098 Ν

130 1100 167 1137 in
182 1098 295 1136 Schol.
311 1099 375 1137 col.
391 1111 423 1136 1.
439 1098 461 1136 l.
477 1097 588 1149 2.‘Q)
604 1097 658 1136 'Ev
676 1093 705 1146 ξῧ
720 1108 803 1137 erat
819 1097 857 1136 in
873 1099 925 1137 V.
940 1098 1049 1150 quod
1062 1112 1152 1139 cum
1169 1099 1291 1140 abesse
1306 1113 1356 1139 ex

75 1150 123 1191 C.
135 1151 319 1192 Bourdel.
332 1151 518 1199 viderem,
531 1152 741 1190 eliminavi.
757 1151 916 1191 SOLAN.
932 1153 1189 1193 Commodius
1202 1155 1357 1207 quidem

79 1205 184 1245 abest
204 1205 465 1259 praepositi03
492 1218 573 1244 non
588 1216 718 1245 tamen
733 1206 787 1244 ita
809 1205 1016 1246 neceffario
1035 1207 1284 1253 eliminanda,
1312 1217 1358 1246 ut

78 1259 166 1298 alibi
189 1259 443 1299 ostendemus.
462 1260 550 1298 Vid.
572 1259 686 1299 etiam
709 1271 791 1299 not.
816 1260 1034 1300 Hemsterh.
1058 1262 1104 1300 ad
1116 1258 1218 1302 Dial.
1235 1263 1356 1302 Mort.

79 1313 211 1354 XXIII
228 1313 252 1352 f.
270 1313 383 1367 (pag.
400 1314 510 1353 huius
525 1314 583 1352 ed.
603 1327 675 1364 522
688 1312 741 1365 sq.
758 1315 850 1353 Vol.
866 1315 936 1367 11.)
951 1316 1100 1355 REsz.

131 1368 224 1419 Pag.
235 1367 317 1407 182.
328 1369 350 1406 l.
362 1381 391 1406 1.
401 1367 560 1407 Ἑκάτης
569 1369 614 1405 το
626 1367 798 1421 ἓεῖπνον)
811 1369 900 1408 Vicl.
912 1369 1015 1408 Dial.
1029 1380 1143 1409 mort.
1156 1369 1185 1410 I.
1196 1369 1358 1411 SOLAN.

130 1424 202 1461 ead.
221 1423 246 1460 l.
267 1436 302 1460 2.
317 1423 477 1461 Σιιπύαν
493 1420 621 1473 ὠμὴν)
638 1421 740 1474 Quo
753 1424 889 1462 mortis
908 1436 1047 1476 genere
1064 1423 1167 1462 fama
1185 1424 1239 1464 est
1253 1424 1360 1464 Dio-

78 1487 215 1528 genem
231 1475 278 1514 ab
291 1475 467 1515 humanis
479 1474 680 1515 exceffisse.
695 1476 836 1515 BROD.
850 1476 914 1516 De
927 1478 996 1518 hac
1008 1478 1165 1517 historia
1180 1478 1291 1529 supra
1308 1479 1358 1517 di-

78 1530 184 1568 &um
200 1529 254 1569 est
267 1530 312 1568 ad
328 1534 364 1569 B.
384 1545 448 1580 πρ.
464 1542 496 1569 c.
513 1543 581 1578 103
597 1530 662 1569 ubi
679 1532 781 1571 re&e
798 1544 932 1570 omnes
949 1531 1106 1579 σηπίαν,
1121 1534 1227 1584 quod
1241 1533 1279 1573 &
1294 1533 1357 1572 hic

81 1583 199 1623 secuti
213 1583 300 1623 Mff.
315 1583 394 1623 Ox.
408 1583 448 1622 δι
463 1583 502 1624 Ρ.
515 1584 555 1623 δι
569 1585 615 1622 B.
631 1599 665 1623 2.
678 1583 924 1631 restituimus,
938 1598 1029 1624 cum
1041 1586 1078 1624 in
1093 1587 1247 1638 reliquis
1260 1587 1360 1639 lege-

79 1649 190 1678 retur
208 1637 371 1678 σηπὺαν.
396 1635 555 1677 δοιΑΝἶ
574 1638 749 1678 Imitatus
763 1639 879 1691 igitur
898 1639 952 1678 est
974 1638 1199 1693 magistrum
1221 1640 1356 1681 suum:

79 1692 155 1732 iam
171 1691 344 1731 alluserat
358 1692 396 1730 in
411 1692 597 1731 Vitarum
610 1691 799 1732 aufflone.
814 1692 943 1733 GESN.

136 1749 212 1785 ead.
222 1747 245 1785 l.
261 1747 296 1786 6.
313 1744 461 1799 Ἐλθεῑν)
476 1746 536 1786 Sic
548 1745 588 1784 δι
600 1748 710 1784 venire
724 1760 796 1800 pro
810 1748 923 1796 mori,
938 1747 1018 1787 five
1032 1747 1079 1786 ad
1091 1746 1236 1788 inferos
1250 1747 1360 1788 veni-

82 1813 142 1848 re,
161 1800 335 1853 Propert.
351 1799 390 1846 Ι,
410 1813 476 1848 14,
497 1800 719 1848 14.RE1Tz.

133 1856 207 1893 ead.
222 1855 245 1893 l.
260 1854 297 1893 8.
309 1855 442 1906 ’ἰατρὸν
457 1876 503 1883 -
518 1853 592 1894 τῶν
611 1853 932 1907 ἁμαρτημάτων)
954 1854 1016 1895 Sic
1033 1854 1166 1894 ἰᾶσθαι
1182 1869 1254 1908 pro
1275 1856 1359 1894 libe-

81 1923 168 1958 rare,
175 1908 305 1958 fimare
318 1910 362 1947 ab
373 1923 491 1954 errore,
506 1907 646 1948 Noster
660 1908 746 1947 infr.
762 1909 800 1947 in
814 1908 948 1955 Gallo,
963 1922 995 1949 c.
1015 1909 1080 1957 28,
1093 1910 1186 1963 Ἐγώ
1199 1925 1243 1949 σε
1254 1911 1339 1949 ίασο
1349 1936 1363 1945 -

78 1977 181 2016 μαι,
197 1956 224 2002 ἕῧ
235 1963 416 2002 Μίκυλλε.
441 1962 488 2001 Et
500 1962 630 2016 Fugit.
642 1976 673 2003 c.
691 1977 708 2015 5
723 1992 734 2011 ,
751 1962 816 2002 Ἤν
829 1962 940 2013 μόνην
955 1964 1149 2003 laederem
1167 1964 1211 2004 ἂν
1223 1966 1275 2004 τὰ
1296 1979 1360 2017 γι-

79 2015 251 2069 γνόμενα
263 2014 380 2067 οἶμαι.
394 2016 539 2056 REITZ.

135 2073 210 2109 ead.
223 2072 246 2109 l.
265 2085 300 2124 9.
317 2070 635 2123 Ἃμαρτιιματων)
651 2069 805 2122 Anglic.
821 2070 1078 2123 πραγμάτων.
1096 2072 1222 2111 minus
1242 2071 1357 2112 reue.

81 2123 257 2166 BOURD.
273 2123 574 2176 ιΑμαρτιιμοίτων
588 2124 667 2165 Ox.
681 2124 781 2164 Cod.
798 2125 838 2163 Sc
858 2125 939 2164 edd.
955 2139 1111 2174 omnes,
1132 2140 1204 2179 pro
1221 2139 1304 2179 quo
1320 2127 1357 2165 in

82 2179 134 2219 A.
149 2179 187 2217 P.
211 2179 251 2218 δι
268 2179 309 2217 L.
329 2178 587 2232 πραγμάτων.
612 2179 739 2231 Quod
760 2190 889 2218 autem
908 2180 968 2218 hic
989 2180 1034 2219 de
1054 2180 1236 2231 Cynico,
1259 2180 1359 2219 idem

82 2233 184 2285 apud
197 2232 417 2286 Diogenem
433 2233 557 2272 Laert.
573 2233 619 2272 de
631 2234 864 2272 Menedemo
879 2234 991 2272 etiam
1004 2233 1161 2284 Cynico
1173 2248 1208 2287 p.
1229 2235 1301 2273 162
1315 2234 1360 2273 E.

82 2287 336 2339 praedicatur,
350 2287 420 2338 qui
430 2286 566 2326 Furiae
580 2287 712 2326 habitu
725 2287 979 2327 obambulans
993 2288 1117 2326 aiebat
1128 2286 1165 2327 se
1180 2298 1361 2339 peccato-

82 2353 171 2379 rum
187 2340 441 2394 speflatorem
454 2353 501 2380 ex
517 2339 646 2380 inferis
659 2342 860 2381 advenire:
882 2340 1029 2391 ἒριννὺος
1044 2341 1245 2387 ἀναλαβὼν
1261 2341 1363 2393 σχῆ-

82 2407 146 2445 μα
163 2395 318 2446 περιῄει,
339 2395 462 2447 λέγων
482 2394 686 2434 ἐπίσκοπος
697 2395 859 2448 ἀφῖχθαι
879 2396 918 2447 ἐξ
939 2393 1035 2443 &sou
1056 2395 1128 2434 τῶν
1143 2395 1358 2447 ἁμαρτανο-

83 2448 210 2500 μένων,
227 2448 327 2488 ὅπως
345 2452 464 2488 παλιν
485 2449 625 2490 κατιὼν
640 2448 771 2489 ταῦτα
791 2450 1020 2502 απαγγέλοι
1035 2449 1112 2489 τοῖς
1126 2450 1207 2489 ἐκεῖ
1221 2449 1359 2500 δαιμο-

83 2516 158 2545 σιν.
179 2502 337 2542 SOLAN.

138 2558 213 2596 ead.
228 2558 251 2598 l.
268 2571 329 2618 13.
341 2556 621 2611 Μεγαπένθης)
636 2555 699 2598 De
712 2557 787 2598 hoc
800 2556 1059 2611 Megapenthe
1074 2568 1247 2610 tyranno
1267 2553 1361 2596 nihil
