2015 3490
652 259 742 305 3p
845 222 1706 287 ANNOTATIONES

648 333 819 378 Atticus,
834 343 914 390 quo
927 330 1015 371 usus
1029 331 1141 370 etiam
1156 330 1232 370 est
1224 344 1261 370 ιη
1277 331 1432 395 dialogo
1445 331 1634 383 Diogenis
1649 332 1690 372 &
1701 332 1900 372 Herculis.

650 382 728 436 οὐχ
743 383 918 435 Ἡρακλῆς
934 379 1036 423 οὗτός
1060 385 1187 432 ἐστιν·
1207 383 1368 435 ου’μενουν
1391 383 1523 431 ἄλλος,
1540 388 1601 436 μὲι
1623 387 1689 425 τον
1704 384 1898 437 Ηρακλέα·

650 439 692 475 τὶ
705 452 746 476 τε
738 436 811 488 ’ξαν
814 468 826 485 ,
838 440 878 474 το
891 437 1070 490 ῥόπαλον,
1083 435 1102 477 ὗ
1115 437 1259 483 λεοντῆ,
1270 440 1314 476 το
1325 437 1516 489 μέγεθος·“
1508 438 1589 476 όΛος
1600 438 1800 493 ‘Hpoenm5'
1785 450 1898 478 εστιν·

652 493 718 529 An
730 506 798 529 non
811 491 973 529 Hercules
986 492 1039 529 hic
1055 492 1111 543 est.
1108 493 1125 518 Ρ
1138 506 1205 529 non
1219 491 1310 529 alius
1323 491 1506 530 mehercule.
1519 493 1576 530 Ar
1562 506 1648 539 cus,
1660 490 1781 539 clava,
1796 491 1899 529 leoni-

648 558 707 589 na,
723 545 993 596 magnastatura.
1008 543 1083 596 Ipse
1096 543 1260 583 Hercules
1271 546 1325 596 est
1339 543 1506 584 GRAEv.
1517 544 1665 584 Graece
1675 544 1809 584 dicitur
1822 559 1899 583 mr.-

648 597 843 648 ραιβλέπειν
866 598 1082 636 Μενίππους
1105 595 1221 643 ὅλους,
1240 607 1286 636 ut
1306 595 1428 648 λημᾷν
1444 597 1487 636 ὁ)
1489 612 1534 636 oct
1558 596 1791 643 κολοκύνθας,
1807 608 1900 636 totas

647 651 836 689 cucurbitas
848 650 990 702 lippire3
1004 649 1132 702 estque
1146 650 1369 689 hallucinari
1357 665 1392 688 m
1403 654 1473 690 toto
1485 652 1605 702 Menip
1629 666 1660 690 o.
1673 649 1900 709 Opponitur

646 703 827 743 eiusmodi
842 703 1085 743 hallucinatio
1099 703 1224 742 visus'
1217 716 1253 742 m
1267 716 1308 742 re
1319 716 1453 755 magna
1473 704 1514 743 &
1528 707 1607 742 cra!
1624 717 1647 743 a
1666 704 1787 742 errori
1805 716 1843 742 m
1857 716 1900 743 re

646 769 788 807 parva,
803 755 869 809 qui
890 755 998 796 facile
1012 755 1159 808 potest
1152 770 1316 808 irrepere
1329 757 1367 794 in
1383 756 1523 795 iudicia
1542 756 1679 795 nostra.
1699 757 1832 809 Itaque
1848 757 1902 795 ni-

646 810 698 847 hil
711 810 931 849 mutandum
944 824 956 858 ;
974 822 1097 861 neque
1110 810 1155 848 ad
1167 822 1246 848 rem
1263 809 1353 848 facit
1365 809 1581 860 exemplum
1594 823 1614 848 a
1627 810 1800 850 Graevio
1812 809 1900 848 alla-

646 872 752 909 tum,
766 864 869 915 quod
884 863 1049 903 diffimile
1062 862 1133 902 est:
1151 874 1411 902 memorantur
1423 864 1521 901 enim
1537 864 1573 901 in
1595 875 1645 902 eo
1659 874 1781 915 partes
1795 862 1898 901 habi-

647 927 709 955 tus
720 917 915 963 Herculis,
932 917 1061 961 clava,
1075 916 1246 964 leonina,
1259 915 1420 954 statura:
1438 916 1496 955 hic
1509 929 1605 955 vero
1624 915 1727 955 nulla
1746 928 1901 955 enume-

646 970 746 1008 ratio
762 971 936 1022 partium.
953 969 1064 1021 Quin
1085 969 1126 1008 &
1138 979 1298 1008 ornatus
1312 969 1482 1021 Menippi
1497 968 1664 1008 diversus
1682 968 1900 1008 describitur

646 1023 697 1061 ab
712 1036 786 1067 eo,
805 1024 872 1076 qui
892 1022 1033 1063 solebat
1048 1021 1132 1062 effe.
1153 1022 1279 1062 CLER.
1303 1022 1355 1061 D.
1377 1021 1553 1061 Heinsius
1573 1023 1618 1062 ad
1639 1022 1776 1061 Horat.
1790 1021 1900 1062 ISat.

644 1075 720 1120 ΙΙΙ,
737 1091 802 1129 25,
815 1089 904 1115 vum
926 1078 1025 1118 reete
1047 1075 1246 1116 monuisset
1264 1076 1314 1114 ibi
1328 1088 1400 1128 pro
1410 1077 1586 1128 pervideas
1602 1075 1803 1135 legendum
1826 1075 1899 1115 effe

641 1144 692 1181 pr
685 1131 858 1175 zevideas,
876 1130 992 1169 addit:
1013 1130 1209 1169 Praevidere
1233 1128 1286 1168 est
1294 1129 1553 1182 praetervidere‚
1573 1143 1744 1181 παρορᾳν,
1767 1139 1811 1167 ut
1824 1143 1902 1167 πει-

648 1183 813 1231 ραβλέπε
814 1199 844 1222 ιν
868 1183 1054 1223 Luciano:
1072 1182 1180 1221 ὅλους
1199 1187 1252 1220 ms
1255 1185 1410 1222 νὶντπους
1429 1182 1700 1234 παραβλέπων·
1713 1196 1787 1220 cum
1809 1182 1900 1221 mala

645 1248 706 1274 tua
713 1238 877 1287 praevide
878 1253 926 1282 zs,
949 1237 984 1275 id
1001 1236 1072 1283 est,
1087 1237 1121 1274 in
1135 1237 1311 1274 videndis
1299 1237 1342 1274 tis
1355 1237 1534 1275 caecutias.
1550 1235 1653 1287 Ergo
1672 1234 1760 1273 nihil
1775 1235 1900 1273 Hein-

643 1288 702 1327 fio
717 1289 769 1328 fui
773 1301 785 1328 t
800 1290 835 1329 in
851 1291 1003 1342 vulgata
1024 1268 1183 1329 le’ffione
1198 1290 1300 1328 duri:
1317 1289 1407 1328 mihi
1422 1288 1527 1327 secus
1541 1289 1703 1334 videtur,
1721 1288 1786 1340 qui
1799 1289 1902 1340 opti-

645 1355 713 1382 mo
725 1342 902 1382 Graevio
917 1343 1054 1383 lubens
1076 1343 1235 1382 accedo:
1259 1355 1344 1381 nam
1367 1342 1456 1381 nibil
1480 1341 1531 1380 est
1551 1354 1602 1380 eo
1617 1341 1795 1402 exemplo
1814 1342 1902 1381 alie-

644 1397 746 1442 nius,
758 1398 865 1449 quod
879 1395 1273 1449 firmandaeloquendi
1287 1395 1474 1435 formulae
1489 1396 1604 1447 gratia
1620 1394 1799 1446 produxit
1812 1394 1901 1434 Cle-

643 1450 755 1490 ricus.
770 1451 862 1490 Non
874 1449 1130 1489 animadversa
1145 1449 1233 1489 fuit
1226 1463 1263 1488 in
1276 1449 1451 1500 παραβ)’
1434 1462 1534 1487 wem
1545 1449 1683 1501 duplex
1695 1447 1902 1500 significau-

644 1503 680 1541 di
708 1504 849 1551 virtus;
876 1517 952 1543 una
974 1504 1214 1556 praevidendi,
1234 1503 1523 1565 praetervidendiy
1551 1503 1749 1554 quomodo
1773 1501 1899 1541 casum

642 1568 822 1609 quartum
837 1557 1021 1605 adsciscit3
1032 1566 1076 1597 ut
1093 1558 1131 1596 in
1147 1557 1211 1596 illo
1229 1559 1368 1609 poetae
1381 1557 1521 1594 veteris
1533 1555 1654 1600 dieto,
1666 1555 1700 1594 τ’
1711 1553 1902 1621 ἀλλότριον

602 1611 607 1617 ’
641 1610 835 1678 ὂξυξερνε
816 1627 860 1657 ιν,
874 1627 915 1650 το
928 1611 1020 1650 nsaw
1034 1610 1305 1662 παραβλέπων·
1324 1621 1438 1673 atque
1454 1609 1538 1648 inde
1549 1609 1751 1672 spernendi5
1768 1607 1902 1647 πάντα,

642 1666 686 1702 το
692 1679 707 1702 ν
721 1666 772 1716 ἒ)
775 1679 832 1702 κον
847 1665 1100 1704 svvaow'aee'
1086 1664 1217 1703 εκείνης
1233 1664 1302 1702 ἀντ
1303 1660 1465 1703 ὀὗὸενος
1480 1662 1785 1714 παραβλέποντος
1805 1661 1903 1702 Gre-

643 1730 726 1769 gor.
744 1717 851 1769 Nyff.
860 1718 908 1758 T.
923 1718 979 1764 Il,
993 1733 1027 1770 p.
1042 1718 1178 1770 314A.
1194 1717 1312 1756 altera
1324 1719 1410 1756 male
1420 1717 1571 1763 videndi,
1585 1716 1726 1754 videndo
1746 1716 1903 1754 abermn'·

644 1772 703 1818 di,·
719 1784 816 1822 quae
832 1772 942 1810 huius
953 1771 1006 1811 est
1019 1771 1121 1818 loci,
1135 1770 1420 1823 accusativique
1433 1769 1656 1808 strquram
1671 1768 1831 1822 respuit:
1848 1768 1898 1809 fic

643 1824 683 1863 in
697 1823 836 1864 Gloffis
849 1825 1033 1863 Allucinor
1047 1826 1088 1863 δί
1099 1825 1306 1864 Hallucz'nor
1316 1824 1369 1864 est
1380 1824 1557 1874 τειραβλὲ
1558 1839 1631 1860 στω.
1647 1823 1809 1863 ΗΕΜὸῬ.

695 1878 775 1917 ibid.
792 1883 845 1916 Mc
831 1893 1007 1917 <=v17r7rcv5
1021 1876 1146 1930 ὅλους)
1163 1881 1285 1918 Omnes
1299 1878 1491 1930 Menippos.
1512 1877 1649 1916 BROD.

697 1935 771 1971 ead.
786 1932 809 1970 l.
823 1931 858 1971 8.
874 1931 1005 1984 Πῖλος)
1022 1931 1220 1981 Perperam
1241 1932 1402 1971 vertitur
1414 1931 1534 1976 clava,
1553 1943 1639 1970 cum
1653 1929 1753 1968 verti
1768 1928 1900 1969 debeat

639 1985 769 2037 pileus:
783 1998 868 2024 nam
884 1987 971 2038 quia
988 1985 1164 2037 Ulyffes,
1185 1985 1368 2025 Hercules
1383 1984 1422 2023 δι
1437 1961 1617 2034 Orpbeus
1631 1984 1675 2022 ad
1689 1981 1832 2022 inferos
1845 1983 1905 2022 de-

640 2037 881 2083 fcenderant
895 2041 957 2078 dat
970 2040 1157 2091 Menippo
1175 2040 1320 2092 pileum,
1333 2049 1375 2077 ut
1397 2039 1477 2088 Uly
1482 2037 1595 2083 Hem,
1614 2037 1716 2076 leonis
1737 2037 1903 2086 exuvias,

642 2102 687 2131 ut
702 2092 923 2140 Herculem,
938 2093 1027 2146 &ly
1027 2109 1112 2138 ram,
1128 2104 1172 2131 ut
1184 2092 1341 2143 Orphea
1357 2091 1532 2130 referret:
1550 2092 1585 2129 id
1600 2090 1707 2144 quod
1718 2092 1818 2130 reete
1834 2089 1901 2129 ob-

639 2144 724 2184 serv
730 2147 807 2184 avit
821 2146 908 2184 Alb.
923 2109 1075 2185 Ruben.
1092 2146 1137 2185 de
1149 2146 1208 2185 Re
1224 2145 1327 2184 Vest.
1343 2145 1403 2183 lib
1419 2145 1744 2194 ll‚c.15·BA.RL
1766 2144 1840 2182 Hic
1860 2143 1899 2182 &

642 2197 738 2237 infla
765 2199 921 2239 ridicule
945 2200 1131 2252 interpres
1153 2200 1238 2238 clav
1242 2213 1317 2238 1m
1313 2199 1442 2244 ertit,
1467 2198 1571 2258 quod
1596 2209 1794 2249 uunquam
1821 2208 1901 2235 vox

642 2252 795 2292 Graeca
809 2252 1043 2305 significavit.
1057 2252 1223 2292 Peccasse
1239 2253 1400 2298 videtur,
1422 2254 1508 2304 quia
1524 2251 1773 2305 existimavit,
1788 2262 1901 2289 orna-

643 2316 725 2344 tum
742 2307 909 2358 Menippi
924 2320 989 2359 per
1005 2307 1136 2346 omnia
1150 2306 1342 2346 Herculeo
1363 2299 1516 2344 lunilem
1532 2294 1604 2345 effe
1623 2314 1817 2355 oportere.
1830 2303 1900 2341 At·-

644 2360 710 2410 qui
733 2360 792 2398 hic
816 2371 973 2399 ornatus
993 2359 1185 2399 desumtus
1206 2370 1286 2398 erat
1303 2373 1324 2398 a
1348 2359 1469 2398 tribus
1487 2359 1689 2403 heroibus,
1709 2357 1775 2409 qui
1792 2357 1828 2395 in
1845 2357 1902 2394 in·

639 2412 744 2451 feros
762 2413 1046 2452 descenderunt.
1070 2413 1274 2454 Herculem
1295 2411 1482 2452 referebat
1497 2412 1604 2464 pellis
1627 2410 1803 2457 leonina,
1823 2408 1902 2448 Or-

642 2466 783 2518 pheum
804 2467 911 2516 lyra
933 2466 1105 2518 Ulyssem
1130 2480 1226 2506 vero
1243 2465 1367 2514 πῖλος,
1383 2467 1456 2504 hoc
1470 2464 1546 2510 est,
1560 2464 1701 2516 pileus,
1720 2462 1901 2513 seupeta-

643 2518 725 2566 sus,
739 2521 842 2574 quali
858 2521 1064 2560 utebantur
1082 2521 1273 2567 viatores,
1286 2521 1324 2561 δι
1339 2519 1441 2573 quali
1455 2518 1614 2573 proinde
1630 2516 1717 2558 usus
1729 2516 1902 2559 credebaq
