2015 3490
259 162 389 209 PRO
420 163 724 209 MERCEDE
759 162 1138 210 CONDUCTIS.
1243 181 1329 228 271

66 278 161 311 στα
179 259 259 316 τοῖς
281 255 648 347 πεπαιδευμένοις,
667 259 720 315 ὡς
738 252 801 327 μζ]
822 261 894 309 ὑπ’
914 261 1093 322 ἀγνοίας
1111 260 1239 322 σφοῖς
1260 262 1338 309 αὐ-

71 357 164 390 τους
184 341 240 391 εἰς
258 334 478 385 δουλείαν
462 334 682 398 υποῖγοιεν.
706 356 795 384 επει
775 331 860 384 δε
874 357 938 384 σοι
957 331 1147 402 μετέδοξε
1170 337 1336 423 βελτίω

70 409 190 460 ταῦτ’
217 407 317 460 εἶναι
331 447 342 464 ,
363 433 439 460 και
458 433 526 469 την
545 431 619 478 μεν
638 410 862 478 ἐλευθερίαν
883 431 1040 479 μακρα
1065 415 1230 482 χαίρειν
1246 410 1334 482 ὲαν,

68 483 263 548 ζηλωσαι
289 476 332 535 δε
359 508 402 534 το
429 481 730 548 ἀγεννέστατον
752 486 870 535 ὲκεινο
897 485 1118 553 ιάμβειον,

214 552 431 611 ‘On-ov
392 582 436 609 το
457 557 611 630 κερδος,
634 581 758 631 παρα
785 570 914 621 φυσιν
939 556 1178 610 ὃουλευτεον”

72 632 148 707 ὅρα
168 633 280 692 ὅπως
299 632 484 704 μηὸεις
461 658 517 687 ετι
537 633 776 693 deuotio-nvom
790 659 864 686 σου
884 634 1240 699 ἀναγινώσκοντος
1260 639 1337 685 αὐ-

72 735 118 761 το
157 707 292 761 ἄλλα
318 710 422 779 μηδ’
447 710 583 780 ἄλλῳ
607 734 844 781 παρασχης
865 734 943 761 των
967 734 1030 761 τον
1053 734 1241 782 παροντα
1261 735 1336 761 σου

72 787 198 848 βίον
182 809 376 857 ορωντων,
395 769 580 838 επελθείν
597 809 657 838 τοο
673 783 980 858 γεγραμμένα
1003 787 1126 848 εὐχου
1146 787 1188 836 δ’
1204 786 1336 857 Ερμνι

73 861 136 932 τῷ
156 866 326 931 χθονίῳ,
347 883 426 912 και
447 885 525 913 των
547 886 780 921 ακηκοοτων
799 884 1003 933 προτερον,
1024 856 1192 922 πολλην
1215 862 1337 923 λήθην

73 938 426 989 navandae-aa.
455 962 477 997 η
503 937 627 999 ὃοξεις
650 937 710 1008 τῷ
735 961 803 988 του
781 938 1020 1009 Κορινθίου
1040 936 1167 1007 μυθου
1189 961 1337 989 ταυτον

76 1037 115 1064 τι
142 1010 406 1068 mmmmm,
430 1035 554 1064 κατα
579 1036 733 1064 σαυτου
760 1018 777 1064 ὁ
805 1013 1141 1101 Βελλεροζῑοντης
1167 1036 1336 1086 ’γεγρα-

76 1081 174 1151 φως
195 1112 239 1140 το
262 1090 453 1149 βιβλιον.
477 1111 550 1157 μα
574 1111 663 1156 ’γαρ
685 1112 748 1140 τον
767 1091 848 1140 Δί’
849 1127 861 1144 ,
883 1113 965 1152 ουχ
984 1088 1058 1180 ὁρω
1080 1114 1147 1149 την
1170 1095 1338 1141 0271*vo-

75 1170 200 1230 γίαν,
223 1189 245 1225 η
265 1188 326 1222 τις
346 1160 396 1215 αν
419 1164 701 1254 ευπρόσωπος
708 1188 773 1216 ο·οι
796 1162 949 1230 γένοιτο
970 1188 1069 1238 προς
1087 1188 1179 1223 τους
1202 1188 1337 1226 κατη-

74 1254 311 1312 γορουντοις·
333 1264 409 1291 και
430 1254 662 1309 μαλιστα,
680 1265 721 1300 ην
742 1264 813 1293 ο-υν
837 1239 998 1305 ’γελωτι
1019 1237 1120 1292 αὐτο
1141 1266 1335 1297 vomo-cv,

76 1317 330 1373 ἔπαινουντες
348 1338 424 1384 μεν
442 1339 502 1367 τα
512 1338 822 1408 γεγραμμενα,
839 1340 915 1368 και
931 1342 1000 1377 την
1020 1320 1055 1368 ὲν
1069 1340 1208 1375 αυτοις
1223 1321 1338 1370 ελευ-

73 1392 302 1464 &spicoma
271 1414 390 1444 αυτον
419 1384 464 1443 δε
486 1416 550 1444 τον
576 1390 858 1464 συγγραφεα
884 1390 1169 1444 ὃουλευοντα
1153 1417 1335 1465 ορωντες,

71 1525 113 1567 &
129 1526 307 1575 maxime,
329 1527 434 1580 quod
451 1525 557 1566 utilia
582 1526 763 1566 omnibus
779 1525 911 1575 essent,
930 1526 1084 1566 eruditis
1104 1525 1340 1580 praesertim,‘

70 1601 120 1628 ne
141 1602 208 1642 per
233 1589 487 1641 ignorantiam
512 1588 579 1644 iRfi
606 1588 645 1627 in
672 1588 898 1628 servitutem
928 1588 965 1629 se
989 1590 1207 1629 coniiciant.
1234 1590 1338 1630 Post-

70 1663 187 1703 quam
205 1663 302 1690 vero
327 1661 475 1690 mutata
499 1649 682 1689 sententia
711 1650 781 1688 tibi
809 1648 932 1690 visum
958 1648 1035 1696 est,
1060 1650 1218 1690 meliora
1243 1651 1336 1691 haec

70 1708 167 1758 effe,
195 1710 235 1749 &
260 1710 421 1763 longum
451 1709 614 1750 libertati
636 1709 876 1757 valedicere,
913 1710 1129 1763 imitarique
1153 1711 1337 1763 ignavum

71 1769 177 1811 illum
203 1771 459 1822 versiculum,

184 1835 256 1873 Ubi
277 1835 371 1874 lucra
391 1850 533 1888 magna,
549 1834 704 1886 serviant
728 1834 763 1873 6³
783 1834 896 1874 liberi:

72 1896 184 1942 vide,
207 1909 256 1936 ne
275 1898 362 1949 quis
383 1897 422 1936 in
445 1896 638 1950 posterum
652 1896 784 1936 audiat
797 1907 834 1935 te
852 1895 944 1936 illud
958 1895 1237 1950 praelegentem
1249 1927 1259 1944 ‚
1273 1895 1336 1937 sed

73 1969 144 1996 nec
165 1956 226 1996 alii
244 1959 423 2010 cuiquam
443 1970 599 2004 eorum,
620 1959 687 2011 qui
709 1956 943 2011 praesentem
963 1958 1082 1997 vitam
1104 1968 1208 1996 tuam
1222 1955 1335 2010 inspi-

74 2020 202 2068 ciunt,
228 2021 379 2074 copiam
414 2019 533 2061 facito
561 2020 739 2073 legendi3
770 2019 832 2059 sed
861 2020 985 2059 infero
1017 2020 1219 2059 Mercurio
1241 2032 1339 2061 vora

73 2093 259 2134 nuncupa
269 2112 282 2128 ‚
302 2094 344 2121 ut
366 2083 437 2122 hos
447 2113 457 2130 ‚
472 2083 539 2136 qui
556 2084 662 2136 prius
675 2083 830 2122 audiere
840 2113 854 2129 ,
869 2082 1040 2121 Lethaeis
1055 2083 1166 2134 aquis
1179 2080 1337 2133 perfun-

73 2143 158 2184 dat:
185 2145 356 2198 alioquin
377 2145 569 2185 videbitur
589 2146 689 2184 idem
711 2145 779 2184 tibi
803 2144 872 2184 usu
899 2143 1067 2193 venisse,
1091 2144 1199 2196 quod
1220 2144 1275 2183 est
1297 2145 1335 2187 in

74 2204 203 2245 fabula
218 2206 419 2246 Corinthia
432 2238 444 2253 ‚
463 2207 594 2261 &ipse
616 2218 749 2247 contra
763 2218 801 2246 te
819 2206 1081 2259 Bellerophon
1101 2204 1277 2259 scripfiffe
1291 2206 1337 2244 li-

74 2265 226 2307 bellum.
253 2267 311 2306 Ita
330 2268 432 2307 enim
461 2281 522 2307 me
546 2268 717 2322 Iuppiter
740 2280 864 2316 amet,
891 2280 935 2307 ut
953 2280 1034 2307 non
1057 2267 1196 2313 video,
1219 2280 1336 2320 quam

73 2328 242 2375 eausam,
270 2342 368 2382 quae
391 2330 541 2382 quidem
575 2331 737 2383 speciem
768 2330 928 2377 habeat,
956 2342 1091 2369 contra
1117 2328 1337 2369 accusantes

77 2390 189 2443 poffis
217 2392 364 2432 dicere:
385 2391 606 2446 praesertim
629 2391 657 2431 sl
682 2405 769 2433 cum
791 2391 866 2432 risu
888 2392 962 2431 hoc
987 2391 1148 2439 faciant,
1178 2391 1336 2430 laudan-

71 2463 132 2494 tes
147 2452 300 2508 scripta,
326 2454 382 2504 δι,
402 2468 501 2509 quae
525 2455 563 2494 in
582 2455 652 2496 illis
675 2455 823 2503 elucet,
844 2454 1077 2501 libertatem,
1093 2453 1214 2507 ipsum
1238 2465 1336 2492 vero
