2015 3490
631 262 728 316 474
825 213 1710 302 ANNc'iTATIONES

1491 341 1499 349 ⁸
1551 342 1562 354 J
1619 343 1629 355 X
1684 343 1694 356 5

630 338 688 377 sit.
703 339 836 391 Itaque
854 352 948 379 mox
963 339 1207 394 Philosophia
1217 369 1228 388 ,
1246 338 1374 389 sim,
1395 341 1532 394 inquit,
1547 357 1650 383 εστιν
1663 343 1777 385 ειπεῖν
1790 359 1828 387 τι
1841 346 1906 387 tse'-

635 403 720 430 λων.
739 392 867 433 ΟεεΝ.

689 446 779 498 Pag.
799 461 884 499 132.
901 448 925 484 l.
941 461 975 486 2.
987 445 1057 486 Tim
1071 445 1201 500 ἀξίαν)
1213 445 1321 498 Ἀξία,
1332 475 1344 493 ,
1359 446 1452 497 τιμὴ
1465 477 1476 495 ,
1492 448 1658 499 τίμησις,
1672 448 1822 491 εὔκλεια,
1836 451 1903 492 o'tv-

633 497 672 536 τὶ
688 497 755 538 ‘riis
767 500 968 539 κολάσεως.
979 501 1035 540 Ut
1049 500 1148 553 apud
1167 500 1324 540 Latinos
1337 502 1498 553 pretium
1513 533 1524 550 ,
1535 502 1780 555 stipendium,
1795 505 1838 546 δι
1855 505 1904 546 sl·

635 551 750 591 milia.
764 553 865 593 Eust.
879 554 925 592 ad
938 553 1041 593 Iliad.
1063 568 1092 593 ι.
1104 554 1219 594 Inter.
1239 553 1436 606 Aristoph.
1452 555 1526 594 alii.
1539 556 1713 597 BOURD.

637 658 659 698 S
689 609 764 645 ead.
778 608 800 645 l.
815 622 850 660 3.
866 607 1020 660 Ἐπιὼν)
1035 607 1137 647 Alibi
1151 607 1250 661 apud
1261 607 1364 648 hunc
1377 608 1419 648 δι
1432 608 1733 650 Demosthenem
1745 611 1900 663 παριών.

664 668 794 699 OLAN.

688 716 762 752 ead.
775 714 800 752 l.
815 713 852 753 8.
866 713 939 752 Καί
950 729 1006 753 σοι
1019 713 1077 753 ὅτι
1093 713 1138 753 ἐὶν
1152 713 1270 767 Aonii)
1286 715 1401 767 Angl.
1417 714 1436 754 δ’
1451 730 1506 755 σοι
1520 713 1566 754 ἂν
1580 715 1687 766 &unffi
1700 716 1873 758 BOURD.

690 769 764 806 ead.
779 767 802 805 l.
820 767 1007 818 ιαἭπες
1029 768 1093 806 καὶ
1111 767 1206 818 μόνη
1232 769 1391 810 τάληθὲς
1414 767 1565 821 ἐξευρεῖν
1586 769 1740 822 δύναιο)
1766 771 1909 812 ΜειΙίηι’

634 833 722 859 cum
740 819 810 860 Ms.
825 817 919 872 ἠ’πες
933 822 997 861 καὶ
1008 821 1100 872 μόνη
1113 820 1270 862 τάληθὲς
1282 821 1328 861 ἂν
1343 817 1453 873 εὑρεῖν
1470 822 1612 862 somno.
1631 822 1792 865 Inferius
1806 825 1840 865 ἐν
1852 824 1904 875 τῇ

636 876 788 923 Ποικίλῃ
804 875 943 916 reffius
957 885 1088 914 vertas
1107 888 1197 914 cuin
1217 875 1263 915 C.
1288 876 1442 930 Nepote
1454 878 1490 915 in
1503 877 1654 926 Poecile,
1674 891 1791 932 quam
1814 891 1904 920 cum

635 927 906 980 interpretibus
919 930 955 967 in
971 929 1117 968 Poecilo.
1132 928 1307 969 GRAEV.
1902 973 1906 976 .

691 984 764 1020 ead.
779 982 803 1020 l.
821 995 834 1020 1
849 995 879 1021 1.
892 982 1063 1033 Ἐξευρεῖν
1077 982 1093 1034 )
1109 983 1180 1022 Ms.
1193 982 1264 1022 Gr.
1286 982 1327 1022 &
1340 981 1378 1022 P.
1393 981 1438 1022 ἂν
1454 977 1575 1034 εὑρεῖν,
1594 983 1699 1036 quod
1711 984 1758 1023 ad
1771 997 1903 1026 veram
1942 986 1947 988 “

635 1033 838 1076 lectionem
853 1038 971 1089 magis
984 1037 1160 1076 accedere
1174 1037 1348 1076 videtur:
1363 1049 1461 1089 puto
1471 1036 1570 1076 enim
1587 1037 1764 1090 scripfiffe
1775 1039 1909 1079 Lucia-

635 1101 729 1127 num
753 1088 948 1140 ἐξερευνᾷν.
961 1089 1063 1130 Vide
1076 1101 1203 1129 tamen
1222 1088 1317 1130 infra
1330 1103 1362 1130 c.
1379 1104 1425 1143 45
1443 1089 1631 1144 ἐξεύρισκε
1644 1092 1804 1140 eodem,
1823 1106 1908 1147 quo

637 1142 699 1182 hic
712 1173 720 1188 ‚
738 1142 854 1182 sensu.
868 1144 908 1182 L.
925 1144 1009 1182 ἄνευ
1032 1143 1090 1190 εῖν.
1107 1144 1266 1183 SOLAN.

688 1197 782 1249 Pag.
801 1211 887 1250 133.
909 1199 932 1235 l.
951 1209 981 1250 5.
994 1194 1128 1249 Ἀρειον
1141 1197 1295 1250 πάγον)
1312 1194 1450 1237 Arium
1470 1210 1613 1251 pagum
1624 1228 1636 1246 ‚
1652 1198 1906 1253 Areopagum

635 1250 756 1289 unico
771 1251 910 1290 verbo:
926 1251 1036 1290 locus
1049 1250 1102 1289 est
1115 1251 1294 1298 Athenis,
1310 1251 1376 1290 ubi
1391 1250 1546 1291 Orestes
1556 1251 1704 1292 causam
1727 1254 1820 1293 dixit
1832 1285 1844 1302 ,
1863 1254 1906 1294 δι

637 1303 705 1342 ubi
721 1317 820 1356 quae
833 1305 878 1343 ad
892 1317 1012 1356 remp.
1032 1303 1266 1356 spectabant,
1290 1304 1516 1345 severissime
1535 1305 1905 1348 administrabantur.

639 1356 699 1396 Sic
715 1357 853 1406 dictus,
867 1357 975 1411 (teste
991 1357 1148 1397 Pausan.
1163 1359 1203 1398 in
1215 1358 1349 1412 Attic.)
1359 1359 1464 1411 quod
1479 1372 1529 1399 eo
1542 1360 1668 1412 primo
1681 1372 1850 1401 vocatus
1862 1361 1909 1401 fit

640 1411 746 1450 Mars
761 1411 894 1464 (quem
911 1411 1048 1452 Graeci
1060 1411 1179 1452 Arem
1194 1412 1357 1464 vocant)
1374 1414 1410 1451 in
1425 1413 1483 1452 ius
1494 1443 1506 1461 ,
1522 1425 1725 1466 propterea
1736 1415 1842 1467 quod
1853 1415 1909 1454 A·

637 1464 895 1505 lirrhothoum
909 1465 1160 1505 interfecerat.
1175 1465 1322 1506 Coos.
1338 1466 1402 1505 De
1414 1465 1506 1506 loco
1520 1467 1562 1506 δι
1575 1480 1676 1507 voce
1688 1469 1806 1508 multa
1820 1481 1907 1508 eru·

638 1520 716 1557 dite
730 1520 791 1558 vir
810 1518 960 1559 sanctus
977 1519 1125 1560 Gulon.
1143 1519 1302 1559 Fuliens.
1321 1520 1367 1559 ad
1388 1519 1551 1572 Dionys
1549 1548 1556 1557 .
1579 1521 1774 1574 Areopag.
1796 1523 1907 1563 dixit.

639 1572 742 1612 Suid.
760 1574 896 1625 lnterp.
914 1572 1109 1625 Aristoph.
1130 1573 1190 1612 alii
1211 1574 1256 1613 de
1280 1574 1383 1626 quib.
1401 1575 1446 1613 ad
1462 1573 1619 1613 Pausan.
1632 1576 1804 1616 BOURD.
1826 1577 1908 1616 He-

638 1626 792 1677 sychius
808 1628 847 1666 in
864 1641 948 1667 arce
961 1627 1212 1680 Areopagum
1230 1628 1355 1680 ponit:
1372 1627 1567 1667 Lucianus
1582 1629 1702 1677 aliter,
1718 1641 1761 1669 ut
1773 1630 1881 1670 vides
1893 1660 1907 1680 ‚

640 1681 681 1719 &
697 1682 847 1733 quidem
864 1681 975 1720 recte.
988 1681 1076 1720 Vid.
1090 1680 1194 1721 Paus.
1211 1694 1295 1734 pag.
1313 1695 1362 1720 m.
1383 1681 1454 1721 108
1469 1681 1515 1721 C.
1533 1682 1693 1722 SOLAN.
1711 1683 1776 1723 De
1791 1684 1908 1733 loco,

637 1735 721 1773 eius
741 1735 948 1781 iudicibus,
967 1748 1010 1774 ac
1031 1735 1177 1774 diversa
1191 1736 1379 1788 opinione
1396 1736 1499 1776 circa
1512 1746 1677 1788 etymon
1691 1738 1801 1778 vocis
1821 1736 1908 1778 satis

639 1801 753 1839 egere
766 1789 988 1842 interpretes
1003 1788 1048 1827 ad
1063 1787 1150 1828 Aa.
1164 1788 1299 1841 Apost.
1310 1803 1342 1829 c.
1356 1803 1418 1839 17,
1431 1804 1488 1841 19.
1502 1789 1679 1841 Inprimis
1693 1792 1909 1832 Hammon-

641 1842 712 1880 dus
726 1843 766 1882 δε
777 1842 968 1888 Clericus,
981 1842 1131 1892 aliique,
1144 1856 1247 1895 quos
1259 1843 1333 1882 vid.
1349 1844 1449 1895 apud
1461 1843 1748 1884 clar.Wolfium
1762 1845 1799 1884 in
1811 1845 1906 1886 Cur.

639 1895 773 1935 Philol.
785 1896 831 1935 ad
845 1895 1069 1936 N.T.C0nf.
1081 1895 1251 1936 nostrum
1264 1897 1400 1936 iterum
1414 1897 1459 1937 de
1471 1897 1622 1949 Gymn.
1634 1912 1666 1938 c.
1684 1912 1742 1952 19.
1756 1899 1903 1940 ΚΕΗ-Ζ.

694 1952 768 1989 ead.
793 1951 816 1989 l.
835 1951 870 1989 6.
885 1951 945 1988 Ἐκ
956 1949 1164 2004 περιωπῆς)
1175 1949 1323 1990 Confer
1335 1949 1445 2004 supra
1455 1952 1602 1992 Ἐπισκ.
1616 1965 1699 2006 cap.
1714 1968 1751 2002 2,
1765 1953 1805 1994 δι
1816 1953 1907 1995 alibi

641 2004 740 2057 apud
752 2003 936 2043 nostrum.
951 2003 1110 2043 SOLAN.
1649 2053 1651 2056 .

695 2058 785 2111 Pag.
806 2071 888 2109 134.
903 2059 926 2096 l.
943 2058 1000 2096 16.
1015 2057 1120 2109 ΦΙΛ.)
1137 2057 1175 2096 P.
1194 2058 1234 2097 &
1247 2058 1288 2097 L.
1301 2057 1340 2097 in
1352 2057 1533 2111 impreffis
1546 2063 1682 2098 ΛΟὙΚ.
1699 2060 1859 2101 SOLAN.
1885 2075 1892 2085 ¹

695 2117 768 2150 ead.
782 2112 804 2149 l.
829 2125 885 2162 17.
902 2115 1036 2150 ΑΛΗΘ.
1051 2111 1067 2163 )
1092 2111 1262 2164 Repono
1284 2111 1482 2164 personam
1507 2116 1642 2154 ΑΛΗΘ.
1662 2113 1704 2153 In
1725 2115 1908 2156 omnibus

640 2164 825 2217 impreffis
846 2176 955 2204 antea
976 2164 1209 2204 scribebatur
1230 2171 1318 2204 ΦΙΑ.
1331 2165 1401 2205 Sed
1419 2167 1544 2218 primo
1564 2179 1749 2220 repugnat
1767 2169 1906 2222 dialogi

640 2219 775 2266 series;
796 2231 882 2258 nam
900 2219 934 2258 id
955 2220 1030 2271 agit
1050 2219 1311 2272 Philosophia,
1326 2231 1368 2259 ut
1388 2222 1532 2259 veritas
1551 2222 1693 2261 iudicio
1711 2221 1832 2262 adesse
1852 2224 1907 2262 di·

642 2285 804 2325 gnetur3
820 2286 921 2326 quae
937 2271 1120 2326 aptissime
1132 2273 1227 2312 adeo
1240 2284 1441 2312 venturam
1457 2273 1492 2314 se
1506 2275 1568 2315 hic
1583 2286 1712 2328 negat,
1724 2277 1762 2315 ni
1774 2275 1904 2317 secum

640 2328 801 2366 comites
823 2326 950 2366 solitas
964 2327 1149 2366 adducere
1165 2327 1283 2366 liceat.
1296 2327 1426 2374 Adde,
1449 2329 1554 2379 quod
1573 2328 1640 2368 etsi
1667 2330 1906 2382 Philosophiae

642 2382 757 2419 etiam
773 2380 982 2419 ministrare
996 2381 1199 2420 commode
1211 2381 1283 2419 dici
1297 2380 1437 2433 poffint
1450 2382 1618 2428 Libertas,
1632 2382 1687 2432 &,
1706 2397 1787 2436 quo
1798 2383 1906 2424 sensu

640 2434 701 2474 hic
716 2433 889 2482 sumitur,
906 2435 1067 2473 Audacia
1075 2450 1091 2482 ,·
1112 2435 1323 2487 elegantius
1344 2446 1470 2474 tamen
1485 2435 1655 2488 &longe
1675 2437 1796 2489 aptius
1811 2438 1908 2476 Veri-

641 2490 724 2526 tatis
738 2488 875 2538 afficlas
895 2489 1046 2527 dixeris.
1066 2488 1287 2527 Probabunt
1304 2490 1452 2540 itaque,
1470 2488 1522 2527 sat
1543 2488 1619 2529 scio
1631 2521 1640 2537 ‚
1656 2490 1727 2529 viri
1743 2491 1847 2530 docli
1865 2492 1908 2531 &

643 2541 918 2596 elegantiarum
935 2541 1165 2596 spectatores
1176 2541 1218 2583 ὅ(
1230 2543 1429 2586 exactores
1442 2542 1583 2584 strenui
1596 2543 1763 2585 nostram
1781 2557 1912 2586 emen.
