<?xml version="1.0" encoding="UTF-8"?>
<!DOCTYPE html PUBLIC "-//W3C//DTD XHTML 1.0 Transitional//EN"
    "http://www.w3.org/TR/xhtml1/DTD/xhtml1-transitional.dtd">
<html xmlns="http://www.w3.org/1999/xhtml" xml:lang="en" lang="en">
 <head>
  <title>
</title>
<meta http-equiv="Content-Type" content="text/html;charset=utf-8" />
  <meta name='ocr-system' content='tesseract 3.04.00' />
  <meta name='ocr-capabilities' content='ocr_page ocr_carea ocr_par ocr_line ocrx_word'/>
</head>
<body>
  <div class='ocr_page' id='page_1' title='image "./operagraecaetlat03luciuoft/operagraecaetlat03luciuoft_0550.png"; bbox 0 0 2015 3490; ppageno 0'>
   <div class='ocr_carea' id='block_1_1' title="bbox 659 252 1738 313">
    <p class='ocr_par' dir='ltr' id='par_1_1' title="bbox 659 252 1738 313">
     <span class='ocr_line' id='line_1_1' title="bbox 659 252 1738 313; baseline 0 -12"><span class='ocrx_word' id='word_1_1' title='bbox 659 262 752 313; x_wconf 69' lang='lat'>542</span> <span class='ocrx_word' id='word_1_2' title='bbox 862 252 1738 301; x_wconf 69' lang='lat' dir='ltr'>ANNOTATIONES&#39;</span> 
     </span>
    </p>
   </div>
   <div class='ocr_carea' id='block_1_2' title="bbox 657 340 1918 2582">
    <p class='ocr_par' dir='ltr' id='par_1_2' title="bbox 659 340 1918 871">
     <span class='ocr_line' id='line_1_2' title="bbox 713 340 1918 393; baseline 0.004 -16"><span class='ocrx_word' id='word_1_3' title='bbox 713 340 749 378; x_wconf 80' lang='lat' dir='ltr'>in</span> <span class='ocrx_word' id='word_1_4' title='bbox 764 340 879 380; x_wconf 80' lang='lat' dir='ltr'>Schol.</span> <span class='ocrx_word' id='word_1_5' title='bbox 891 341 1080 393; x_wconf 69' lang='grc' dir='ltr'><em>Λατίνοις)</em></span> <span class='ocrx_word' id='word_1_6' title='bbox 1095 343 1279 380; x_wconf 79' lang='grc' dir='ltr'><em>Λοιτείνοις</em></span> <span class='ocrx_word' id='word_1_7' title='bbox 1292 340 1432 380; x_wconf 86' lang='lat' dir='ltr'>editum</span> <span class='ocrx_word' id='word_1_8' title='bbox 1443 351 1534 381; x_wconf 87' lang='lat' dir='ltr'>etat.</span> <span class='ocrx_word' id='word_1_9' title='bbox 1549 341 1720 382; x_wconf 86' lang='lat' dir='ltr'>Mutavit</span> <span class='ocrx_word' id='word_1_10' title='bbox 1733 341 1896 382; x_wconf 85' lang='lat' dir='ltr'>Solanus</span> <span class='ocrx_word' id='word_1_11' title='bbox 1905 369 1918 392; x_wconf 74' lang='lat'><strong>,</strong></span> 
     </span>
     <span class='ocr_line' id='line_1_3' title="bbox 659 392 1910 446; baseline 0.004 -16"><span class='ocrx_word' id='word_1_12' title='bbox 659 404 740 431; x_wconf 88' lang='lat' dir='ltr'>non</span> <span class='ocrx_word' id='word_1_13' title='bbox 753 392 890 432; x_wconf 87' lang='lat' dir='ltr'>addens</span> <span class='ocrx_word' id='word_1_14' title='bbox 909 395 1009 433; x_wconf 89' lang='lat' dir='ltr'>unde</span> <span class='ocrx_word' id='word_1_15' title='bbox 1022 393 1170 433; x_wconf 83' lang='lat' dir='ltr'>habeat.</span> <span class='ocrx_word' id='word_1_16' title='bbox 1187 394 1307 433; x_wconf 71' lang='lat' dir='ltr'>Re&amp;e</span> <span class='ocrx_word' id='word_1_17' title='bbox 1321 395 1476 446; x_wconf 82' lang='lat' dir='ltr'>quidem</span> <span class='ocrx_word' id='word_1_18' title='bbox 1497 396 1675 434; x_wconf 70' lang='grc' dir='ltr'><em>Λατίνοις·</em></span> <span class='ocrx_word' id='word_1_19' title='bbox 1689 395 1769 435; x_wconf 85' lang='lat' dir='ltr'>vid.</span> <span class='ocrx_word' id='word_1_20' title='bbox 1789 395 1910 435; x_wconf 85' lang='lat' dir='ltr'>Strab.</span> 
     </span>
     <span class='ocr_line' id='line_1_4' title="bbox 660 446 1915 500; baseline 0.003 -16"><span class='ocrx_word' id='word_1_21' title='bbox 660 446 715 490; x_wconf 92' lang='lat' dir='ltr'>V,</span> <span class='ocrx_word' id='word_1_22' title='bbox 730 459 813 498; x_wconf 84' lang='lat' dir='ltr'>pag.</span> <span class='ocrx_word' id='word_1_23' title='bbox 830 460 916 495; x_wconf 88' lang='lat'>229.</span> <span class='ocrx_word' id='word_1_24' title='bbox 933 447 1004 499; x_wconf 85' lang='lat' dir='ltr'>(al.</span> <span class='ocrx_word' id='word_1_25' title='bbox 1019 447 1135 500; x_wconf 82' lang='lat'>350.)</span> <span class='ocrx_word' id='word_1_26' title='bbox 1151 447 1220 487; x_wconf 88' lang='lat' dir='ltr'>Sed</span> <span class='ocrx_word' id='word_1_27' title='bbox 1237 448 1362 500; x_wconf 87' lang='lat' dir='ltr'>potuit</span> <span class='ocrx_word' id='word_1_28' title='bbox 1375 457 1503 487; x_wconf 86' lang='lat' dir='ltr'>tamen</span> <span class='ocrx_word' id='word_1_29' title='bbox 1518 447 1709 487; x_wconf 86' lang='lat' dir='ltr'>Scholiast.</span> <span class='ocrx_word' id='word_1_30' title='bbox 1731 448 1915 488; x_wconf 75' lang='grc' dir='ltr'><em>Λατείνοις</em></span> 
     </span>
     <span class='ocr_line' id='line_1_5' title="bbox 660 497 1917 552; baseline 0.003 -16"><span class='ocrx_word' id='word_1_31' title='bbox 660 497 822 538; x_wconf 86' lang='lat' dir='ltr'>scribere</span> <span class='ocrx_word' id='word_1_32' title='bbox 837 500 903 539; x_wconf 85' lang='lat' dir='ltr'>illo</span> <span class='ocrx_word' id='word_1_33' title='bbox 916 512 1017 539; x_wconf 86' lang='lat' dir='ltr'>aevo</span> <span class='ocrx_word' id='word_1_34' title='bbox 1025 514 1038 547; x_wconf 79' lang='lat'>3</span> <span class='ocrx_word' id='word_1_35' title='bbox 1050 500 1210 552; x_wconf 87' lang='lat' dir='ltr'>longum</span> <span class='ocrx_word' id='word_1_36' title='bbox 1223 501 1321 539; x_wconf 88' lang='lat' dir='ltr'>enim</span> <span class='ocrx_word' id='word_1_37' title='bbox 1335 500 1398 539; x_wconf 85' lang='lat' dir='ltr'>i&amp;</span> <span class='ocrx_word' id='word_1_38' title='bbox 1411 500 1499 539; x_wconf 84' lang='lat' dir='ltr'>alibi</span> <span class='ocrx_word' id='word_1_39' title='bbox 1515 499 1557 540; x_wconf 86' lang='lat' dir='ltr'>fit</span> <span class='ocrx_word' id='word_1_40' title='bbox 1572 516 1617 548; x_wconf 79' lang='grc' dir='ltr'>ει,</span> <span class='ocrx_word' id='word_1_41' title='bbox 1634 512 1677 540; x_wconf 89' lang='lat' dir='ltr'>ut</span> <span class='ocrx_word' id='word_1_42' title='bbox 1693 502 1781 540; x_wconf 81' lang='lat' dir='ltr'><em>Liris</em></span> <span class='ocrx_word' id='word_1_43' title='bbox 1794 502 1917 541; x_wconf 82' lang='lat' dir='ltr'>amnis</span> 
     </span>
     <span class='ocr_line' id='line_1_6' title="bbox 660 550 1917 607; baseline 0.005 -19"><span class='ocrx_word' id='word_1_44' title='bbox 660 550 774 602; x_wconf 73' lang='grc' dir='ltr'><em>Λεῖρις</em></span> <span class='ocrx_word' id='word_1_45' title='bbox 786 552 905 591; x_wconf 80' lang='lat' dir='ltr'>strab.</span> <span class='ocrx_word' id='word_1_46' title='bbox 918 554 972 601; x_wconf 92' lang='lat' dir='ltr'>V,</span> <span class='ocrx_word' id='word_1_47' title='bbox 987 566 1069 605; x_wconf 86' lang='lat' dir='ltr'>pag.</span> <span class='ocrx_word' id='word_1_48' title='bbox 1084 554 1158 607; x_wconf 82' lang='lat'>238</span> <span class='ocrx_word' id='word_1_49' title='bbox 1168 584 1180 601; x_wconf 92' lang='lat'>‚</span> <span class='ocrx_word' id='word_1_50' title='bbox 1197 553 1259 592; x_wconf 89' lang='lat' dir='ltr'>vel</span> <span class='ocrx_word' id='word_1_51' title='bbox 1274 553 1362 606; x_wconf 86' lang='lat'>363.</span> <span class='ocrx_word' id='word_1_52' title='bbox 1375 554 1424 592; x_wconf 91' lang='lat' dir='ltr'>Et</span> <span class='ocrx_word' id='word_1_53' title='bbox 1435 567 1470 607; x_wconf 91' lang='lat' dir='ltr'>p.</span> <span class='ocrx_word' id='word_1_54' title='bbox 1486 555 1654 604; x_wconf 82' lang='lat' dir='ltr'><strong>praeced.</strong></span> <span class='ocrx_word' id='word_1_55' title='bbox 1666 560 1808 605; x_wconf 81' lang='grc' dir='ltr'><em>Λειριος·</em></span> <span class='ocrx_word' id='word_1_56' title='bbox 1822 555 1917 594; x_wconf 89' lang='lat' dir='ltr'>item</span> 
     </span>
     <span class='ocr_line' id='line_1_7' title="bbox 662 604 1917 669; baseline 0.005 -28"><span class='ocrx_word' id='word_1_57' title='bbox 662 604 823 655; x_wconf 77' lang='grc' dir='ltr'>Εὔξεινος</span> <span class='ocrx_word' id='word_1_58' title='bbox 837 607 970 645; x_wconf 82' lang='lat' dir='ltr'><em>Pontus</em></span> <span class='ocrx_word' id='word_1_59' title='bbox 981 607 1160 653; x_wconf 81' lang='lat' dir='ltr'>Euxinus,</span> <span class='ocrx_word' id='word_1_60' title='bbox 1174 607 1270 646; x_wconf 86' lang='lat' dir='ltr'>idem</span> <span class='ocrx_word' id='word_1_61' title='bbox 1287 607 1437 659; x_wconf 89' lang='lat' dir='ltr'>ubique.</span> <span class='ocrx_word' id='word_1_62' title='bbox 1450 606 1608 646; x_wconf 83' lang='lat' dir='ltr'>Cluver.</span> <span class='ocrx_word' id='word_1_63' title='bbox 1621 607 1774 669; x_wconf 65' lang='lat' dir='ltr'>guidem</span> <span class='ocrx_word' id='word_1_64' title='bbox 1788 608 1829 647; x_wconf 92' lang='lat' dir='ltr'>L.</span> <span class='ocrx_word' id='word_1_65' title='bbox 1844 607 1917 654; x_wconf 87' lang='lat'>111,</span> 
     </span>
     <span class='ocr_line' id='line_1_8' title="bbox 662 658 1916 713; baseline 0.002 -16"><span class='ocrx_word' id='word_1_66' title='bbox 662 670 745 708; x_wconf 84' lang='lat' dir='ltr'>cap.</span> <span class='ocrx_word' id='word_1_67' title='bbox 762 672 825 710; x_wconf 83' lang='lat'>33,</span> <span class='ocrx_word' id='word_1_68' title='bbox 838 659 877 697; x_wconf 91' lang='lat' dir='ltr'>in</span> <span class='ocrx_word' id='word_1_69' title='bbox 892 669 990 698; x_wconf 88' lang='lat' dir='ltr'>nott.</span> <span class='ocrx_word' id='word_1_70' title='bbox 1007 658 1116 699; x_wconf 86' lang='lat' dir='ltr'>affert</span> <span class='ocrx_word' id='word_1_71' title='bbox 1127 673 1175 698; x_wconf 81' lang='lat' dir='ltr'>ex</span> <span class='ocrx_word' id='word_1_72' title='bbox 1185 659 1289 699; x_wconf 87' lang='lat' dir='ltr'>Suid.</span> <span class='ocrx_word' id='word_1_73' title='bbox 1303 658 1459 707; x_wconf 69' lang='grc' dir='ltr'><em>Τήλεφος</em></span> <span class='ocrx_word' id='word_1_74' title='bbox 1469 662 1547 713; x_wconf 50' lang='grc' dir='ltr'>’γὰρ</span> <span class='ocrx_word' id='word_1_75' title='bbox 1561 678 1605 689; x_wconf 75' lang='lat'>-</span> <span class='ocrx_word' id='word_1_76' title='bbox 1617 661 1830 700; x_wconf 74' lang='grc' dir='ltr'><em>υποκληθεὶς</em></span> <span class='ocrx_word' id='word_1_77' title='bbox 1840 668 1916 699; x_wconf 80' lang='grc' dir='ltr'><em>Λοι-</em></span> 
     </span>
     <span class='ocr_line' id='line_1_9' title="bbox 662 712 1916 766; baseline 0.002 -16"><span class='ocrx_word' id='word_1_78' title='bbox 662 712 791 750; x_wconf 76' lang='grc' dir='ltr'><em>τεῖνος.</em></span> <span class='ocrx_word' id='word_1_79' title='bbox 809 712 880 751; x_wconf 88' lang='lat' dir='ltr'>Sed</span> <span class='ocrx_word' id='word_1_80' title='bbox 899 712 939 751; x_wconf 90' lang='lat' dir='ltr'>in</span> <span class='ocrx_word' id='word_1_81' title='bbox 960 712 1040 766; x_wconf 85' lang='lat' dir='ltr'>ipso</span> <span class='ocrx_word' id='word_1_82' title='bbox 1059 713 1161 751; x_wconf 87' lang='lat' dir='ltr'>Suid.</span> <span class='ocrx_word' id='word_1_83' title='bbox 1179 712 1317 765; x_wconf 85' lang='lat' dir='ltr'>legitur</span> <span class='ocrx_word' id='word_1_84' title='bbox 1330 712 1494 760; x_wconf 67' lang='grc' dir='ltr'><em>Λατῖνος,</em></span> <span class='ocrx_word' id='word_1_85' title='bbox 1510 713 1550 752; x_wconf 73' lang='grc' dir='ltr'>δι</span> <span class='ocrx_word' id='word_1_86' title='bbox 1566 713 1725 752; x_wconf 73' lang='grc' dir='ltr'><em>Λατῖνοι.</em></span> <span class='ocrx_word' id='word_1_87' title='bbox 1743 712 1857 753; x_wconf 85' lang='lat' dir='ltr'><strong>Certe</strong></span> <span class='ocrx_word' id='word_1_88' title='bbox 1875 715 1916 753; x_wconf 88' lang='lat' dir='ltr'>in</span> 
     </span>
     <span class='ocr_line' id='line_1_10' title="bbox 661 764 1916 820; baseline 0.003 -18"><span class='ocrx_word' id='word_1_89' title='bbox 661 764 842 811; x_wconf 84' lang='lat' dir='ltr'>editione,</span> <span class='ocrx_word' id='word_1_90' title='bbox 853 777 930 817; x_wconf 84' lang='lat' dir='ltr'>qua</span> <span class='ocrx_word' id='word_1_91' title='bbox 941 777 1044 814; x_wconf 85' lang='lat' dir='ltr'>utor,</span> <span class='ocrx_word' id='word_1_92' title='bbox 1054 767 1208 819; x_wconf 82' lang='lat' dir='ltr'>antiqua</span> <span class='ocrx_word' id='word_1_93' title='bbox 1218 779 1231 813; x_wconf 88' lang='lat'>;</span> <span class='ocrx_word' id='word_1_94' title='bbox 1241 778 1311 806; x_wconf 89' lang='lat' dir='ltr'>nec</span> <span class='ocrx_word' id='word_1_95' title='bbox 1322 766 1492 814; x_wconf 89' lang='lat' dir='ltr'><strong>dubium,</strong></span> <span class='ocrx_word' id='word_1_96' title='bbox 1506 766 1595 819; x_wconf 86' lang='lat' dir='ltr'>quia</span> <span class='ocrx_word' id='word_1_97' title='bbox 1604 765 1656 806; x_wconf 86' lang='lat' dir='ltr'>fic</span> <span class='ocrx_word' id='word_1_98' title='bbox 1670 766 1801 806; x_wconf 83' lang='lat' dir='ltr'>millies</span> <span class='ocrx_word' id='word_1_99' title='bbox 1814 767 1916 820; x_wconf 85' lang='lat' dir='ltr'>apud</span> 
     </span>
     <span class='ocr_line' id='line_1_11' title="bbox 661 817 993 871; baseline 0.006 -15"><span class='ocrx_word' id='word_1_100' title='bbox 661 817 830 871; x_wconf 86' lang='lat' dir='ltr'>quosvis.</span> <span class='ocrx_word' id='word_1_101' title='bbox 849 818 993 858; x_wconf 71' lang='lat' dir='ltr'>REn-z.</span> 
     </span>
    </p>

    <p class='ocr_par' dir='ltr' id='par_1_3' title="bbox 715 870 1914 926">
     <span class='ocr_line' id='line_1_12' title="bbox 715 870 1914 926; baseline 0.002 -17"><span class='ocrx_word' id='word_1_102' title='bbox 715 872 804 924; x_wconf 76' lang='lat' dir='ltr'>Pag.</span> <span class='ocrx_word' id='word_1_103' title='bbox 817 874 904 920; x_wconf 88' lang='lat'><strong>246.</strong></span> <span class='ocrx_word' id='word_1_104' title='bbox 917 874 941 911; x_wconf 94' lang='lat' dir='ltr'>l.</span> <span class='ocrx_word' id='word_1_105' title='bbox 951 887 989 920; x_wconf 91' lang='lat'>7.</span> <span class='ocrx_word' id='word_1_106' title='bbox 999 871 1159 924; x_wconf 76' lang='grc' dir='ltr'><em>Δρόμωνι</em></span> <span class='ocrx_word' id='word_1_107' title='bbox 1171 886 1204 912; x_wconf 87' lang='grc' dir='ltr'>κ.</span> <span class='ocrx_word' id='word_1_108' title='bbox 1214 870 1274 924; x_wconf 89' lang='grc' dir='ltr'>Τ.)</span> <span class='ocrx_word' id='word_1_109' title='bbox 1290 872 1475 926; x_wconf 80' lang='lat' dir='ltr'>Postremae</span> <span class='ocrx_word' id='word_1_110' title='bbox 1487 871 1762 924; x_wconf 64' lang='lat' dir='ltr'>claffissbrvitit&#39;s.</span> <span class='ocrx_word' id='word_1_111' title='bbox 1772 872 1914 912; x_wconf 84' lang='lat' dir='ltr'>BROD.</span> 
     </span>
    </p>

    <p class='ocr_par' dir='ltr' id='par_1_4' title="bbox 659 924 1914 1027">
     <span class='ocr_line' id='line_1_13' title="bbox 716 924 1914 978; baseline 0.002 -16"><span class='ocrx_word' id='word_1_112' title='bbox 716 924 794 963; x_wconf 80' lang='lat' dir='ltr'><em>ibid.</em></span> <span class='ocrx_word' id='word_1_113' title='bbox 807 925 937 978; x_wconf 77' lang='grc' dir='ltr'><em>Τιβίῳ)</em></span> <span class='ocrx_word' id='word_1_114' title='bbox 952 926 1075 978; x_wconf 85' lang='lat' dir='ltr'>Supra</span> <span class='ocrx_word' id='word_1_115' title='bbox 1085 930 1171 976; x_wconf 85' lang='grc' dir='ltr'><em>Τιμ.</em></span> <span class='ocrx_word' id='word_1_116' title='bbox 1186 938 1218 965; x_wconf 94' lang='lat' dir='ltr'>c.</span> <span class='ocrx_word' id='word_1_117' title='bbox 1234 939 1280 974; x_wconf 88' lang='lat'>14</span> <span class='ocrx_word' id='word_1_118' title='bbox 1297 939 1346 964; x_wconf 91' lang='lat' dir='ltr'>m.</span> <span class='ocrx_word' id='word_1_119' title='bbox 1368 927 1460 965; x_wconf 82' lang='lat' dir='ltr'>citat</span> <span class='ocrx_word' id='word_1_120' title='bbox 1473 926 1635 966; x_wconf 78' lang='lat' dir='ltr'>Solanus</span> <span class='ocrx_word' id='word_1_121' title='bbox 1645 955 1660 972; x_wconf 93' lang='lat'>,</span> <span class='ocrx_word' id='word_1_122' title='bbox 1683 925 1746 966; x_wconf 88' lang='lat' dir='ltr'>sed</span> <span class='ocrx_word' id='word_1_123' title='bbox 1764 927 1840 965; x_wconf 88' lang='lat' dir='ltr'>iam</span> <span class='ocrx_word' id='word_1_124' title='bbox 1859 925 1914 966; x_wconf 87' lang='lat' dir='ltr'>est</span> 
     </span>
     <span class='ocr_line' id='line_1_14' title="bbox 659 977 1899 1027; baseline -0.001 -8"><span class='ocrx_word' id='word_1_125' title='bbox 659 990 692 1019; x_wconf 85' lang='lat' dir='ltr'>c.</span> <span class='ocrx_word' id='word_1_126' title='bbox 709 978 772 1017; x_wconf 88' lang='lat' dir='ltr'>vel</span> <span class='ocrx_word' id='word_1_127' title='bbox 789 978 803 1027; x_wconf 87' lang='lat'>§</span> <span class='ocrx_word' id='word_1_128' title='bbox 822 993 890 1026; x_wconf 84' lang='lat'>223</span> <span class='ocrx_word' id='word_1_129' title='bbox 909 979 974 1018; x_wconf 82' lang='lat' dir='ltr'>ubi</span> <span class='ocrx_word' id='word_1_130' title='bbox 985 980 1060 1018; x_wconf 85' lang='lat' dir='ltr'>vid.</span> <span class='ocrx_word' id='word_1_131' title='bbox 1076 990 1156 1018; x_wconf 89' lang='lat' dir='ltr'>not.</span> <span class='ocrx_word' id='word_1_132' title='bbox 1169 978 1257 1018; x_wconf 85' lang='lat' dir='ltr'>clar.</span> <span class='ocrx_word' id='word_1_133' title='bbox 1272 977 1486 1018; x_wconf 87' lang='lat' dir='ltr'>Hemsterh.</span> <span class='ocrx_word' id='word_1_134' title='bbox 1499 979 1646 1018; x_wconf 78' lang='lat' dir='ltr'>REITz.</span> <span class='ocrx_word' id='word_1_135' title='bbox 1892 1012 1899 1018; x_wconf 82' lang='grc'><em>,</em></span> 
     </span>
    </p>

    <p class='ocr_par' dir='ltr' id='par_1_5' title="bbox 715 1031 1914 1084">
     <span class='ocr_line' id='line_1_15' title="bbox 715 1031 1914 1084; baseline 0.001 -14"><span class='ocrx_word' id='word_1_136' title='bbox 715 1034 788 1070; x_wconf 79' lang='lat' dir='ltr'>ead.</span> <span class='ocrx_word' id='word_1_137' title='bbox 799 1032 821 1070; x_wconf 89' lang='lat' dir='ltr'>l.</span> <span class='ocrx_word' id='word_1_138' title='bbox 833 1045 867 1083; x_wconf 93' lang='lat'>9.</span> <span class='ocrx_word' id='word_1_139' title='bbox 883 1032 978 1083; x_wconf 69' lang='grc' dir='ltr'><em>Λύρον,</em></span> <span class='ocrx_word' id='word_1_140' title='bbox 989 1032 1052 1071; x_wconf 66' lang='grc' dir='ltr'>καὶ</span> <span class='ocrx_word' id='word_1_141' title='bbox 1062 1031 1114 1084; x_wconf 82' lang='grc' dir='ltr'>’ό.)</span> <span class='ocrx_word' id='word_1_142' title='bbox 1125 1031 1264 1071; x_wconf 83' lang='lat' dir='ltr'>Erasm.</span> <span class='ocrx_word' id='word_1_143' title='bbox 1275 1032 1312 1070; x_wconf 86' lang='lat' dir='ltr'>in</span> <span class='ocrx_word' id='word_1_144' title='bbox 1328 1032 1431 1084; x_wconf 79' lang='lat' dir='ltr'>adag.</span> <span class='ocrx_word' id='word_1_145' title='bbox 1445 1035 1575 1084; x_wconf 72' lang='lat' dir='ltr'><em>Asinus</em></span> <span class='ocrx_word' id='word_1_146' title='bbox 1585 1035 1634 1071; x_wconf 82' lang='lat' dir='ltr'>ad</span> <span class='ocrx_word' id='word_1_147' title='bbox 1638 1033 1760 1084; x_wconf 87' lang='lat' dir='ltr'><em>lyram.</em></span> <span class='ocrx_word' id='word_1_148' title='bbox 1772 1031 1914 1072; x_wconf 86' lang='lat' dir='ltr'>BROD.</span> 
     </span>
    </p>

    <p class='ocr_par' dir='ltr' id='par_1_6' title="bbox 715 1085 1816 1138">
     <span class='ocr_line' id='line_1_16' title="bbox 715 1085 1816 1138; baseline 0.001 -15"><span class='ocrx_word' id='word_1_149' title='bbox 715 1086 808 1138; x_wconf 78' lang='lat' dir='ltr'>Pag.</span> <span class='ocrx_word' id='word_1_150' title='bbox 825 1099 909 1133; x_wconf 83' lang='lat'>247.</span> <span class='ocrx_word' id='word_1_151' title='bbox 925 1087 948 1125; x_wconf 88' lang='lat' dir='ltr'>l.</span> <span class='ocrx_word' id='word_1_152' title='bbox 963 1100 977 1124; x_wconf 95' lang='lat'>1</span> <span class='ocrx_word' id='word_1_153' title='bbox 991 1099 1021 1135; x_wconf 84' lang='lat'>5.</span> <span class='ocrx_word' id='word_1_154' title='bbox 1036 1085 1092 1124; x_wconf 78' lang='grc' dir='ltr'>Εἰς</span> <span class='ocrx_word' id='word_1_155' title='bbox 1107 1085 1239 1138; x_wconf 66' lang='grc' dir='ltr'>καλὶν)</span> <span class='ocrx_word' id='word_1_156' title='bbox 1254 1085 1297 1124; x_wconf 80' lang='lat' dir='ltr'>In</span> <span class='ocrx_word' id='word_1_157' title='bbox 1309 1101 1341 1123; x_wconf 84' lang='lat' dir='ltr'>re</span> <span class='ocrx_word' id='word_1_158' title='bbox 1353 1086 1508 1138; x_wconf 83' lang='lat' dir='ltr'><em>quapiam</em></span> <span class='ocrx_word' id='word_1_159' title='bbox 1520 1086 1664 1138; x_wconf 80' lang='lat' dir='ltr'>honesta.</span> <span class='ocrx_word' id='word_1_160' title='bbox 1677 1086 1816 1125; x_wconf 89' lang='lat' dir='ltr'>BROD.</span> 
     </span>
    </p>

    <p class='ocr_par' dir='ltr' id='par_1_7' title="bbox 714 1137 1914 1192">
     <span class='ocr_line' id='line_1_17' title="bbox 714 1137 1914 1192; baseline 0.003 -17"><span class='ocrx_word' id='word_1_161' title='bbox 714 1137 807 1191; x_wconf 80' lang='lat' dir='ltr'>Pag.</span> <span class='ocrx_word' id='word_1_162' title='bbox 822 1138 908 1186; x_wconf 83' lang='lat'>248.</span> <span class='ocrx_word' id='word_1_163' title='bbox 921 1140 943 1178; x_wconf 93' lang='lat' dir='ltr'>l.</span> <span class='ocrx_word' id='word_1_164' title='bbox 961 1153 976 1178; x_wconf 94' lang='lat'>1</span> <span class='ocrx_word' id='word_1_165' title='bbox 985 1137 1157 1178; x_wconf 69' lang='lat' dir='ltr'>.’&#39;Avoev‘tot</span> <span class='ocrx_word' id='word_1_166' title='bbox 1167 1141 1296 1178; x_wconf 69' lang='grc' dir='ltr'>πολλὰ,</span> <span class='ocrx_word' id='word_1_167' title='bbox 1308 1138 1404 1192; x_wconf 76' lang='grc' dir='ltr'><em>διε.)</em></span> <span class='ocrx_word' id='word_1_168' title='bbox 1417 1139 1535 1178; x_wconf 88' lang='lat' dir='ltr'>Hom.</span> <span class='ocrx_word' id='word_1_169' title='bbox 1545 1138 1584 1177; x_wconf 83' lang='lat' dir='ltr'>Il.</span> <span class='ocrx_word' id='word_1_170' title='bbox 1596 1143 1650 1185; x_wconf 74' lang='grc' dir='ltr'>Ψ,</span> <span class='ocrx_word' id='word_1_171' title='bbox 1664 1151 1678 1176; x_wconf 89' lang='lat'>1</span> <span class='ocrx_word' id='word_1_172' title='bbox 1690 1138 1914 1179; x_wconf 80' lang='lat' dir='ltr'>16.SOLAN.</span> 
     </span>
    </p>

    <p class='ocr_par' dir='ltr' id='par_1_8' title="bbox 661 1191 1913 1285">
     <span class='ocr_line' id='line_1_18' title="bbox 714 1191 1913 1244; baseline 0.002 -15"><span class='ocrx_word' id='word_1_173' title='bbox 714 1192 792 1230; x_wconf 77' lang='lat' dir='ltr'><em>ibid.</em></span> <span class='ocrx_word' id='word_1_174' title='bbox 807 1193 875 1229; x_wconf 72' lang='grc' dir='ltr'>Καὶ</span> <span class='ocrx_word' id='word_1_175' title='bbox 886 1192 1089 1244; x_wconf 69' lang='grc' dir='ltr'>κάταντα)</span> <span class='ocrx_word' id='word_1_176' title='bbox 1103 1194 1161 1231; x_wconf 90' lang='lat' dir='ltr'>Ac</span> <span class='ocrx_word' id='word_1_177' title='bbox 1177 1193 1328 1231; x_wconf 75' lang='lat' dir='ltr'><em>declives.</em></span> <span class='ocrx_word' id='word_1_178' title='bbox 1340 1192 1379 1230; x_wconf 84' lang='lat' dir='ltr'>‘H</span> <span class='ocrx_word' id='word_1_179' title='bbox 1392 1191 1515 1241; x_wconf 70' lang='grc' dir='ltr'><em>πόλις,</em></span> <span class='ocrx_word' id='word_1_180' title='bbox 1527 1194 1604 1231; x_wconf 84' lang='lat' dir='ltr'><em>urbs</em></span> <span class='ocrx_word' id='word_1_181' title='bbox 1615 1194 1727 1231; x_wconf 87' lang='lat' dir='ltr'>Roma</span> <span class='ocrx_word' id='word_1_182' title='bbox 1737 1220 1750 1239; x_wconf 91' lang='lat'>,</span> <span class='ocrx_word' id='word_1_183' title='bbox 1765 1192 1856 1232; x_wconf 88' lang='lat' dir='ltr'>olim</span> <span class='ocrx_word' id='word_1_184' title='bbox 1872 1193 1913 1231; x_wconf 86' lang='lat' dir='ltr'>in</span> 
     </span>
     <span class='ocr_line' id='line_1_19' title="bbox 661 1244 1896 1285; baseline -0.001 0"><span class='ocrx_word' id='word_1_185' title='bbox 661 1244 856 1285; x_wconf 88' lang='lat' dir='ltr'>montibus</span> <span class='ocrx_word' id='word_1_186' title='bbox 870 1244 948 1284; x_wconf 81' lang='lat' dir='ltr'>fita.</span> <span class='ocrx_word' id='word_1_187' title='bbox 961 1245 1100 1285; x_wconf 78' lang='lat' dir='ltr'>BROD.</span> <span class='ocrx_word' id='word_1_188' title='bbox 1890 1280 1896 1284; x_wconf 86' lang='lat'>.</span> 
     </span>
    </p>

    <p class='ocr_par' dir='ltr' id='par_1_9' title="bbox 658 1297 1916 2033">
     <span class='ocr_line' id='line_1_20' title="bbox 714 1297 1916 1351; baseline 0 -14"><span class='ocrx_word' id='word_1_189' title='bbox 714 1301 787 1337; x_wconf 86' lang='lat' dir='ltr'>ead.</span> <span class='ocrx_word' id='word_1_190' title='bbox 801 1299 823 1338; x_wconf 89' lang='lat' dir='ltr'>l.</span> <span class='ocrx_word' id='word_1_191' title='bbox 837 1313 870 1345; x_wconf 88' lang='lat'>4.</span> <span class='ocrx_word' id='word_1_192' title='bbox 885 1298 1060 1351; x_wconf 73' lang='grc' dir='ltr'><em>Καθίζεις)</em></span> <span class='ocrx_word' id='word_1_193' title='bbox 1073 1299 1224 1345; x_wconf 85' lang='lat' dir='ltr'>Narrat,</span> <span class='ocrx_word' id='word_1_194' title='bbox 1239 1297 1560 1350; x_wconf 85' lang='lat' dir='ltr'>quemadmodum</span> <span class='ocrx_word' id='word_1_195' title='bbox 1578 1307 1755 1350; x_wconf 84' lang='lat' dir='ltr'>oporteat</span> <span class='ocrx_word' id='word_1_196' title='bbox 1766 1297 1916 1337; x_wconf 88' lang='lat' dir='ltr'>Merce-</span> 
     </span>
     <span class='ocr_line' id='line_1_21' title="bbox 660 1349 1915 1404; baseline 0.001 -14"><span class='ocrx_word' id='word_1_197' title='bbox 660 1349 706 1391; x_wconf 87' lang='lat' dir='ltr'>de</span> <span class='ocrx_word' id='word_1_198' title='bbox 726 1352 956 1393; x_wconf 61' lang='lat' dir='ltr'>conduttum</span> <span class='ocrx_word' id='word_1_199' title='bbox 969 1382 979 1398; x_wconf 92' lang='lat'>‚</span> <span class='ocrx_word' id='word_1_200' title='bbox 994 1351 1022 1391; x_wconf 89' lang='lat' dir='ltr'>fi</span> <span class='ocrx_word' id='word_1_201' title='bbox 1037 1366 1124 1392; x_wconf 90' lang='lat' dir='ltr'>cum</span> <span class='ocrx_word' id='word_1_202' title='bbox 1140 1352 1297 1392; x_wconf 79' lang='lat' dir='ltr'>domino</span> <span class='ocrx_word' id='word_1_203' title='bbox 1317 1351 1479 1404; x_wconf 86' lang='lat' dir='ltr'><strong>aliquem</strong></span> <span class='ocrx_word' id='word_1_204' title='bbox 1501 1351 1693 1391; x_wconf 76' lang='lat' dir='ltr'>visitatum</span> <span class='ocrx_word' id='word_1_205' title='bbox 1707 1351 1812 1399; x_wconf 88' lang='lat' dir='ltr'>ierit,</span> <span class='ocrx_word' id='word_1_206' title='bbox 1829 1364 1915 1391; x_wconf 87' lang='lat' dir='ltr'>mo-</span> 
     </span>
     <span class='ocr_line' id='line_1_22' title="bbox 660 1403 1914 1453; baseline 0 -10"><span class='ocrx_word' id='word_1_207' title='bbox 660 1404 750 1444; x_wconf 83' lang='lat' dir='ltr'>lesta</span> <span class='ocrx_word' id='word_1_208' title='bbox 763 1405 803 1444; x_wconf 87' lang='lat'>&amp;</span> <span class='ocrx_word' id='word_1_209' title='bbox 823 1403 950 1444; x_wconf 88' lang='lat' dir='ltr'>servili</span> <span class='ocrx_word' id='word_1_210' title='bbox 969 1406 1168 1445; x_wconf 87' lang='lat' dir='ltr'>rationein</span> <span class='ocrx_word' id='word_1_211' title='bbox 1184 1406 1284 1444; x_wconf 86' lang='lat' dir='ltr'>atrio</span> <span class='ocrx_word' id='word_1_212' title='bbox 1298 1405 1496 1445; x_wconf 86' lang='lat' dir='ltr'>dominum</span> <span class='ocrx_word' id='word_1_213' title='bbox 1507 1435 1519 1453; x_wconf 90' lang='lat'>‚</span> <span class='ocrx_word' id='word_1_214' title='bbox 1541 1405 1663 1445; x_wconf 91' lang='lat' dir='ltr'>donec</span> <span class='ocrx_word' id='word_1_215' title='bbox 1682 1405 1830 1452; x_wconf 81' lang='lat' dir='ltr'>redeat,</span> <span class='ocrx_word' id='word_1_216' title='bbox 1845 1417 1914 1444; x_wconf 73' lang='lat' dir='ltr'>ex-</span> 
     </span>
     <span class='ocr_line' id='line_1_23' title="bbox 660 1457 1913 1513; baseline -0.001 -16"><span class='ocrx_word' id='word_1_217' title='bbox 660 1458 844 1510; x_wconf 62' lang='lat' dir='ltr'>speQare:</span> <span class='ocrx_word' id='word_1_218' title='bbox 857 1458 1022 1513; x_wconf 58' lang='grc' dir='ltr'><em>κᾴκείνου</em></span> <span class='ocrx_word' id='word_1_219' title='bbox 1037 1458 1269 1512; x_wconf 60' lang='lat' dir='ltr'>(sema-rou,</span> <span class='ocrx_word' id='word_1_220' title='bbox 1279 1459 1343 1499; x_wconf 86' lang='lat' dir='ltr'>vel</span> <span class='ocrx_word' id='word_1_221' title='bbox 1354 1458 1558 1511; x_wconf 65' lang='grc' dir='ltr'><em>πλουσίου)</em></span> <span class='ocrx_word' id='word_1_222' title='bbox 1572 1458 1669 1498; x_wconf 64' lang='lat' dir='ltr'>{ww</span> <span class='ocrx_word' id='word_1_223' title='bbox 1681 1459 1751 1498; x_wconf 75' lang='grc' dir='ltr'>τινὶ</span> <span class='ocrx_word' id='word_1_224' title='bbox 1764 1457 1835 1496; x_wconf 75' lang='grc' dir='ltr'><em>’τῶν</em></span> <span class='ocrx_word' id='word_1_225' title='bbox 1847 1459 1913 1507; x_wconf 82' lang='grc' dir='ltr'>φί-</span> 
     </span>
     <span class='ocr_line' id='line_1_24' title="bbox 660 1508 1915 1565; baseline -0.001 -14"><span class='ocrx_word' id='word_1_226' title='bbox 660 1522 746 1560; x_wconf 73' lang='grc' dir='ltr'>λων,</span> <span class='ocrx_word' id='word_1_227' title='bbox 761 1515 849 1563; x_wconf 65' lang='grc' dir='ltr'><em>πρὸς</em></span> <span class='ocrx_word' id='word_1_228' title='bbox 860 1512 895 1551; x_wconf 78' lang='grc' dir='ltr'>ὃν</span> <span class='ocrx_word' id='word_1_229' title='bbox 909 1511 1003 1559; x_wconf 73' lang='grc' dir='ltr'><em>ἦλθε,</em></span> <span class='ocrx_word' id='word_1_230' title='bbox 1014 1511 1163 1565; x_wconf 45' lang='lat' dir='ltr'>&amp;nazary</span> <span class='ocrx_word' id='word_1_231' title='bbox 1170 1512 1307 1562; x_wconf 78' lang='grc' dir='ltr'><em>σμένον,</em></span> <span class='ocrx_word' id='word_1_232' title='bbox 1319 1508 1410 1562; x_wconf 55' lang='lat' dir='ltr'>‘ahs&#39;</span> <span class='ocrx_word' id='word_1_233' title='bbox 1424 1511 1515 1550; x_wconf 73' lang='grc' dir='ltr'><em>ὅπου</em></span> <span class='ocrx_word' id='word_1_234' title='bbox 1529 1511 1685 1563; x_wconf 69' lang='grc' dir='ltr'><em>καθίζεις</em></span> <span class='ocrx_word' id='word_1_235' title='bbox 1696 1510 1811 1563; x_wconf 78' lang='grc' dir='ltr'><em>ἔχων,</em></span> <span class='ocrx_word' id='word_1_236' title='bbox 1822 1510 1915 1564; x_wconf 69' lang='grc' dir='ltr'><em>ὀρθὸς</em></span> 
     </span>
     <span class='ocr_line' id='line_1_25' title="bbox 659 1563 1913 1618; baseline 0.002 -16"><span class='ocrx_word' id='word_1_237' title='bbox 659 1563 726 1604; x_wconf 71' lang='grc' dir='ltr'>ὑπ’</span> <span class='ocrx_word' id='word_1_238' title='bbox 737 1565 892 1617; x_wconf 74' lang='grc' dir='ltr'><em>ἀπορίας</em></span> <span class='ocrx_word' id='word_1_239' title='bbox 906 1566 1211 1618; x_wconf 64' lang='grc' dir='ltr'><em>ἀναγιγνώσκεις</em></span> <span class='ocrx_word' id='word_1_240' title='bbox 1221 1567 1263 1605; x_wconf 66' lang='grc' dir='ltr'>τὸ</span> <span class='ocrx_word' id='word_1_241' title='bbox 1283 1566 1416 1611; x_wconf 76' lang='grc' dir='ltr'><em>βιβλίον</em></span> <span class='ocrx_word' id='word_1_242' title='bbox 1435 1565 1772 1618; x_wconf 73' lang='grc' dir='ltr'><em>προχειρισάμενος·</em></span> <span class='ocrx_word' id='word_1_243' title='bbox 1783 1565 1818 1603; x_wconf 72' lang='lat'>6³</span> <span class='ocrx_word' id='word_1_244' title='bbox 1833 1568 1913 1604; x_wconf 86' lang='lat' dir='ltr'>dum</span> 
     </span>
     <span class='ocr_line' id='line_1_26' title="bbox 661 1619 1911 1672; baseline 0.002 -16"><span class='ocrx_word' id='word_1_245' title='bbox 661 1619 815 1658; x_wconf 79' lang='lat' dir='ltr'>dominus</span> <span class='ocrx_word' id='word_1_246' title='bbox 827 1620 918 1658; x_wconf 81' lang='lat' dir='ltr'>intus</span> <span class='ocrx_word' id='word_1_247' title='bbox 936 1634 1009 1658; x_wconf 84' lang='lat' dir='ltr'>cum</span> <span class='ocrx_word' id='word_1_248' title='bbox 1027 1620 1205 1659; x_wconf 84' lang='lat' dir='ltr'>amicorum</span> <span class='ocrx_word' id='word_1_249' title='bbox 1222 1620 1355 1672; x_wconf 82' lang='lat' dir='ltr'>aliquo,</span> <span class='ocrx_word' id='word_1_250' title='bbox 1370 1621 1419 1656; x_wconf 82' lang='lat' dir='ltr'>ad</span> <span class='ocrx_word' id='word_1_251' title='bbox 1434 1634 1526 1670; x_wconf 84' lang='lat' dir='ltr'>quem</span> <span class='ocrx_word' id='word_1_252' title='bbox 1546 1620 1686 1665; x_wconf 79' lang='lat' dir='ltr'>adierit,</span> <span class='ocrx_word' id='word_1_253' title='bbox 1699 1619 1911 1671; x_wconf 78' lang='lat' dir='ltr'>colloquitur,</span> 
     </span>
     <span class='ocr_line' id='line_1_27' title="bbox 660 1672 1914 1726; baseline 0 -15"><span class='ocrx_word' id='word_1_254' title='bbox 660 1687 729 1711; x_wconf 81' lang='lat' dir='ltr'>non</span> <span class='ocrx_word' id='word_1_255' title='bbox 744 1674 868 1711; x_wconf 76' lang='lat' dir='ltr'>hahens</span> <span class='ocrx_word' id='word_1_256' title='bbox 888 1673 944 1712; x_wconf 82' lang='lat' dir='ltr'>ubi</span> <span class='ocrx_word' id='word_1_257' title='bbox 957 1676 1140 1725; x_wconf 81' lang='lat' dir='ltr'>confideas,</span> <span class='ocrx_word' id='word_1_258' title='bbox 1153 1675 1264 1726; x_wconf 81' lang='lat' dir='ltr'><em>stans,</em></span> <span class='ocrx_word' id='word_1_259' title='bbox 1283 1675 1363 1712; x_wconf 81' lang='lat' dir='ltr'>dum</span> <span class='ocrx_word' id='word_1_260' title='bbox 1376 1672 1472 1711; x_wconf 78' lang='lat' dir='ltr'>aliter</span> <span class='ocrx_word' id='word_1_261' title='bbox 1483 1672 1612 1725; x_wconf 81' lang='lat' dir='ltr'>nequis,</span> <span class='ocrx_word' id='word_1_262' title='bbox 1627 1672 1769 1712; x_wconf 80' lang='lat' dir='ltr'>libellum</span> <span class='ocrx_word' id='word_1_263' title='bbox 1785 1673 1821 1710; x_wconf 76' lang='lat' dir='ltr'>in</span> <span class='ocrx_word' id='word_1_264' title='bbox 1840 1688 1914 1711; x_wconf 84' lang='lat' dir='ltr'>ma-</span> 
     </span>
     <span class='ocr_line' id='line_1_28' title="bbox 659 1724 1913 1779; baseline 0.002 -16"><span class='ocrx_word' id='word_1_265' title='bbox 659 1741 726 1764; x_wconf 81' lang='lat' dir='ltr'>nus</span> <span class='ocrx_word' id='word_1_266' title='bbox 739 1725 890 1776; x_wconf 80' lang='lat' dir='ltr'><em>sumtum</em></span> <span class='ocrx_word' id='word_1_267' title='bbox 912 1727 1049 1765; x_wconf 62' lang='lat' dir='ltr'>leelitas.</span> <span class='ocrx_word' id='word_1_268' title='bbox 1071 1726 1197 1779; x_wconf 89' lang='lat' dir='ltr'>Quod</span> <span class='ocrx_word' id='word_1_269' title='bbox 1219 1726 1312 1765; x_wconf 89' lang='lat' dir='ltr'>olim</span> <span class='ocrx_word' id='word_1_270' title='bbox 1336 1738 1424 1765; x_wconf 88' lang='lat' dir='ltr'>meo</span> <span class='ocrx_word' id='word_1_271' title='bbox 1444 1724 1707 1778; x_wconf 86' lang='lat' dir='ltr'>adscripseram</span> <span class='ocrx_word' id='word_1_272' title='bbox 1729 1725 1832 1766; x_wconf 86' lang='lat' dir='ltr'>libro</span> <span class='ocrx_word' id='word_1_273' title='bbox 1841 1754 1853 1773; x_wconf 90' lang='lat'>‚</span> <span class='ocrx_word' id='word_1_274' title='bbox 1874 1726 1913 1765; x_wconf 88' lang='lat' dir='ltr'>id</span> 
     </span>
     <span class='ocr_line' id='line_1_29' title="bbox 659 1779 1912 1834; baseline -0.001 -16"><span class='ocrx_word' id='word_1_275' title='bbox 659 1792 817 1831; x_wconf 83' lang='lat' dir='ltr'>quoque</span> <span class='ocrx_word' id='word_1_276' title='bbox 828 1781 857 1819; x_wconf 87' lang='lat' dir='ltr'>F</span> <span class='ocrx_word' id='word_1_277' title='bbox 859 1780 929 1819; x_wconf 85' lang='lat' dir='ltr'>lor.</span> <span class='ocrx_word' id='word_1_278' title='bbox 942 1781 1148 1834; x_wconf 77' lang='lat' dir='ltr'>exemplari</span> <span class='ocrx_word' id='word_1_279' title='bbox 1163 1780 1210 1818; x_wconf 87' lang='lat' dir='ltr'>ab</span> <span class='ocrx_word' id='word_1_280' title='bbox 1223 1781 1366 1819; x_wconf 81' lang='lat' dir='ltr'>erudita</span> <span class='ocrx_word' id='word_1_281' title='bbox 1380 1791 1494 1818; x_wconf 84' lang='lat' dir='ltr'>manu</span> <span class='ocrx_word' id='word_1_282' title='bbox 1508 1790 1734 1818; x_wconf 84' lang='lat' dir='ltr'>annotatum</span> <span class='ocrx_word' id='word_1_283' title='bbox 1756 1779 1912 1824; x_wconf 84' lang='lat' dir='ltr'>inveni,</span> 
     </span>
     <span class='ocr_line' id='line_1_30' title="bbox 659 1831 1912 1886; baseline 0.003 -17"><span class='ocrx_word' id='word_1_284' title='bbox 659 1831 816 1883; x_wconf 78' lang='grc' dir='ltr'><em>καθίζοις</em></span> <span class='ocrx_word' id='word_1_285' title='bbox 830 1847 967 1886; x_wconf 85' lang='lat' dir='ltr'>nempe</span> <span class='ocrx_word' id='word_1_286' title='bbox 982 1847 1054 1886; x_wconf 91' lang='lat' dir='ltr'>pro</span> <span class='ocrx_word' id='word_1_287' title='bbox 1067 1833 1227 1886; x_wconf 82' lang='lat' dir='ltr'>vulgato</span> <span class='ocrx_word' id='word_1_288' title='bbox 1244 1832 1410 1884; x_wconf 76' lang='grc' dir='ltr'><em>καθίζεις·</em></span> <span class='ocrx_word' id='word_1_289' title='bbox 1425 1843 1527 1872; x_wconf 85' lang='lat' dir='ltr'>certe</span> <span class='ocrx_word' id='word_1_290' title='bbox 1541 1833 1700 1884; x_wconf 68' lang='grc' dir='ltr'><em>καθίζοις</em></span> <span class='ocrx_word' id='word_1_291' title='bbox 1712 1832 1812 1872; x_wconf 85' lang='lat' dir='ltr'>foret</span> <span class='ocrx_word' id='word_1_292' title='bbox 1826 1833 1912 1873; x_wconf 87' lang='lat' dir='ltr'>lon·</span> 
     </span>
     <span class='ocr_line' id='line_1_31' title="bbox 660 1885 1912 1937; baseline 0.001 -12"><span class='ocrx_word' id='word_1_293' title='bbox 660 1898 708 1937; x_wconf 87' lang='lat' dir='ltr'>ge</span> <span class='ocrx_word' id='word_1_294' title='bbox 724 1887 936 1926; x_wconf 87' lang='lat' dir='ltr'>rotundius.</span> <span class='ocrx_word' id='word_1_295' title='bbox 951 1886 1055 1926; x_wconf 77' lang='lat' dir='ltr'>IENs.</span> <span class='ocrx_word' id='word_1_296' title='bbox 1071 1889 1141 1927; x_wconf 89' lang='lat' dir='ltr'>W.</span> <span class='ocrx_word' id='word_1_297' title='bbox 1156 1886 1292 1926; x_wconf 88' lang='lat' dir='ltr'>Codex</span> <span class='ocrx_word' id='word_1_298' title='bbox 1307 1886 1457 1937; x_wconf 69' lang='grc' dir='ltr'><em>καθίζῃς.</em></span> <span class='ocrx_word' id='word_1_299' title='bbox 1471 1886 1514 1925; x_wconf 89' lang='lat' dir='ltr'>In</span> <span class='ocrx_word' id='word_1_300' title='bbox 1526 1887 1568 1926; x_wconf 91' lang='lat' dir='ltr'>L.</span> <span class='ocrx_word' id='word_1_301' title='bbox 1586 1885 1747 1936; x_wconf 63' lang='lat' dir='ltr'>›caelo-375.</span> <span class='ocrx_word' id='word_1_302' title='bbox 1769 1885 1912 1926; x_wconf 82' lang='lat' dir='ltr'>Iensms</span> 
     </span>
     <span class='ocr_line' id='line_1_32' title="bbox 660 1939 1912 1993; baseline 0.001 -15"><span class='ocrx_word' id='word_1_303' title='bbox 660 1941 698 1978; x_wconf 77' lang='grc' dir='ltr'>δι</span> <span class='ocrx_word' id='word_1_304' title='bbox 714 1940 776 1978; x_wconf 83' lang='lat' dir='ltr'>alii</span> <span class='ocrx_word' id='word_1_305' title='bbox 791 1951 862 1993; x_wconf 88' lang='lat' dir='ltr'>pro</span> <span class='ocrx_word' id='word_1_306' title='bbox 882 1953 953 1987; x_wconf 82' lang='lat' dir='ltr'>eo,</span> <span class='ocrx_word' id='word_1_307' title='bbox 972 1941 1077 1992; x_wconf 91' lang='lat' dir='ltr'>quod</span> <span class='ocrx_word' id='word_1_308' title='bbox 1093 1940 1129 1979; x_wconf 89' lang='lat' dir='ltr'>in</span> <span class='ocrx_word' id='word_1_309' title='bbox 1152 1940 1232 1980; x_wconf 87' lang='lat' dir='ltr'>edd.</span> <span class='ocrx_word' id='word_1_310' title='bbox 1251 1951 1332 1980; x_wconf 88' lang='lat' dir='ltr'>erat</span> <span class='ocrx_word' id='word_1_311' title='bbox 1351 1940 1525 1991; x_wconf 66' lang='grc' dir='ltr'><em>καθίζεις,</em></span> <span class='ocrx_word' id='word_1_312' title='bbox 1547 1939 1703 1992; x_wconf 72' lang='grc' dir='ltr'><em>καθίζοις</em></span> <span class='ocrx_word' id='word_1_313' title='bbox 1723 1952 1912 1993; x_wconf 87' lang='lat' dir='ltr'>reponen-</span> 
     </span>
     <span class='ocr_line' id='line_1_33' title="bbox 658 1993 1198 2033; baseline 0 -1"><span class='ocrx_word' id='word_1_314' title='bbox 658 1993 748 2033; x_wconf 88' lang='lat' dir='ltr'>dum</span> <span class='ocrx_word' id='word_1_315' title='bbox 765 1994 1029 2033; x_wconf 72' lang='lat' dir='ltr'>conficiebant.</span> <span class='ocrx_word' id='word_1_316' title='bbox 1041 1994 1198 2033; x_wconf 78' lang='lat' dir='ltr'>SOLAN.</span> 
     </span>
    </p>

    <p class='ocr_par' dir='ltr' id='par_1_10' title="bbox 657 2043 1914 2472">
     <span class='ocr_line' id='line_1_34' title="bbox 714 2043 1914 2099; baseline 0 -14"><span class='ocrx_word' id='word_1_317' title='bbox 714 2050 786 2087; x_wconf 83' lang='lat' dir='ltr'>ead.</span> <span class='ocrx_word' id='word_1_318' title='bbox 797 2047 820 2086; x_wconf 90' lang='lat' dir='ltr'>l.</span> <span class='ocrx_word' id='word_1_319' title='bbox 837 2060 867 2099; x_wconf 87' lang='lat'>5.</span> <span class='ocrx_word' id='word_1_320' title='bbox 878 2043 1026 2087; x_wconf 79' lang='grc' dir='ltr'><em>’Άο-ιτόν</em></span> <span class='ocrx_word' id='word_1_321' title='bbox 1036 2061 1081 2086; x_wconf 80' lang='grc' dir='ltr'>τε</span> <span class='ocrx_word' id='word_1_322' title='bbox 1093 2048 1154 2085; x_wconf 65' lang='grc' dir='ltr'>καὶ</span> <span class='ocrx_word' id='word_1_323' title='bbox 1166 2045 1324 2099; x_wconf 70' lang='grc' dir='ltr'><em>ἄποτον)</em></span> <span class='ocrx_word' id='word_1_324' title='bbox 1335 2047 1425 2086; x_wconf 89' lang='lat' dir='ltr'>Non</span> <span class='ocrx_word' id='word_1_325' title='bbox 1436 2044 1594 2086; x_wconf 84' lang='lat' dir='ltr'>absurda</span> <span class='ocrx_word' id='word_1_326' title='bbox 1605 2045 1691 2086; x_wconf 89' lang='lat' dir='ltr'>sane</span> <span class='ocrx_word' id='word_1_327' title='bbox 1701 2045 1858 2086; x_wconf 88' lang='lat' dir='ltr'>Codicis</span> <span class='ocrx_word' id='word_1_328' title='bbox 1867 2045 1914 2086; x_wconf 68' lang='lat'>1³..</span> 
     </span>
     <span class='ocr_line' id='line_1_35' title="bbox 662 2097 1911 2153; baseline 0 -15"><span class='ocrx_word' id='word_1_329' title='bbox 662 2097 859 2153; x_wconf 82' lang='lat' dir='ltr'>scriptura,</span> <span class='ocrx_word' id='word_1_330' title='bbox 871 2115 914 2140; x_wconf 81' lang='grc' dir='ltr'>σε</span> <span class='ocrx_word' id='word_1_331' title='bbox 933 2114 1004 2153; x_wconf 82' lang='lat' dir='ltr'>pro</span> <span class='ocrx_word' id='word_1_332' title='bbox 1023 2115 1066 2139; x_wconf 84' lang='grc' dir='ltr'>τε</span> <span class='ocrx_word' id='word_1_333' title='bbox 1079 2100 1306 2148; x_wconf 83' lang='lat' dir='ltr'>exhibentis,</span> <span class='ocrx_word' id='word_1_334' title='bbox 1320 2114 1434 2153; x_wconf 82' lang='lat' dir='ltr'>quam</span> <span class='ocrx_word' id='word_1_335' title='bbox 1448 2100 1511 2140; x_wconf 89' lang='lat' dir='ltr'>vel</span> <span class='ocrx_word' id='word_1_336' title='bbox 1525 2101 1560 2139; x_wconf 86' lang='lat' dir='ltr'>in</span> <span class='ocrx_word' id='word_1_337' title='bbox 1575 2110 1799 2139; x_wconf 87' lang='lat' dir='ltr'>contextum</span> <span class='ocrx_word' id='word_1_338' title='bbox 1811 2100 1911 2139; x_wconf 86' lang='lat' dir='ltr'>reci-</span> 
     </span>
     <span class='ocr_line' id='line_1_36' title="bbox 657 2150 1913 2206; baseline -0.001 -13"><span class='ocrx_word' id='word_1_339' title='bbox 657 2167 748 2206; x_wconf 87' lang='lat' dir='ltr'>pere</span> <span class='ocrx_word' id='word_1_340' title='bbox 763 2154 902 2202; x_wconf 79' lang='lat' dir='ltr'>velim3</span> <span class='ocrx_word' id='word_1_341' title='bbox 917 2153 983 2194; x_wconf 88' lang='lat' dir='ltr'>ets1</span> <span class='ocrx_word' id='word_1_342' title='bbox 995 2153 1073 2194; x_wconf 86' lang='lat' dir='ltr'>scio</span> <span class='ocrx_word' id='word_1_343' title='bbox 1083 2185 1095 2201; x_wconf 91' lang='lat'>‚</span> <span class='ocrx_word' id='word_1_344' title='bbox 1109 2169 1150 2192; x_wconf 80' lang='grc' dir='ltr'>τε</span> <span class='ocrx_word' id='word_1_345' title='bbox 1166 2154 1206 2193; x_wconf 87' lang='lat'>&amp;</span> <span class='ocrx_word' id='word_1_346' title='bbox 1218 2155 1282 2192; x_wconf 68' lang='grc' dir='ltr'>καὶ</span> <span class='ocrx_word' id='word_1_347' title='bbox 1299 2155 1400 2206; x_wconf 87' lang='lat' dir='ltr'>apud</span> <span class='ocrx_word' id='word_1_348' title='bbox 1414 2166 1546 2193; x_wconf 89' lang='lat' dir='ltr'>omnes</span> <span class='ocrx_word' id='word_1_349' title='bbox 1560 2153 1736 2193; x_wconf 70' lang='lat' dir='ltr'>au&amp;ores</span> <span class='ocrx_word' id='word_1_350' title='bbox 1749 2150 1913 2205; x_wconf 86' lang='lat' dir='ltr'>saepiffi·</span> 
     </span>
     <span class='ocr_line' id='line_1_37' title="bbox 658 2205 1910 2260; baseline -0.001 -13"><span class='ocrx_word' id='word_1_351' title='bbox 658 2220 722 2247; x_wconf 90' lang='lat' dir='ltr'>me</span> <span class='ocrx_word' id='word_1_352' title='bbox 736 2208 940 2260; x_wconf 83' lang='lat' dir='ltr'>coniungi,</span> <span class='ocrx_word' id='word_1_353' title='bbox 955 2208 1072 2248; x_wconf 78' lang='lat' dir='ltr'>veluti</span> <span class='ocrx_word' id='word_1_354' title='bbox 1085 2208 1131 2247; x_wconf 84' lang='lat' dir='ltr'>ad</span> <span class='ocrx_word' id='word_1_355' title='bbox 1144 2207 1322 2247; x_wconf 83' lang='lat' dir='ltr'>nauseam</span> <span class='ocrx_word' id='word_1_356' title='bbox 1335 2206 1452 2260; x_wconf 88' lang='lat' dir='ltr'>usque</span> <span class='ocrx_word' id='word_1_357' title='bbox 1464 2207 1670 2246; x_wconf 80' lang='lat' dir='ltr'>Herodian.</span> <span class='ocrx_word' id='word_1_358' title='bbox 1683 2206 1714 2252; x_wconf 92' lang='lat' dir='ltr'>l,</span> <span class='ocrx_word' id='word_1_359' title='bbox 1729 2219 1810 2258; x_wconf 85' lang='lat' dir='ltr'>cap.</span> <span class='ocrx_word' id='word_1_360' title='bbox 1827 2220 1874 2255; x_wconf 84' lang='lat'>4,</span> <span class='ocrx_word' id='word_1_361' title='bbox 1892 2205 1910 2255; x_wconf 88' lang='lat'>§</span> 
     </span>
     <span class='ocr_line' id='line_1_38' title="bbox 662 2258 1911 2314; baseline 0 -15"><span class='ocrx_word' id='word_1_362' title='bbox 662 2275 708 2299; x_wconf 84' lang='lat'>12</span> <span class='ocrx_word' id='word_1_363' title='bbox 721 2290 731 2305; x_wconf 81' lang='grc'><em>,</em></span> <span class='ocrx_word' id='word_1_364' title='bbox 754 2258 911 2314; x_wconf 58' lang='grc' dir='ltr'><em>ἓρῶντές</em></span> <span class='ocrx_word' id='word_1_365' title='bbox 930 2277 974 2301; x_wconf 79' lang='grc' dir='ltr'>τε</span> <span class='ocrx_word' id='word_1_366' title='bbox 994 2262 1058 2301; x_wconf 73' lang='grc' dir='ltr'>καὶ</span> <span class='ocrx_word' id='word_1_367' title='bbox 1078 2261 1315 2313; x_wconf 72' lang='grc' dir='ltr'><em>πάσχοντες,</em></span> <span class='ocrx_word' id='word_1_368' title='bbox 1332 2260 1442 2314; x_wconf 76' lang='lat' dir='ltr'>&amp;fic</span> <span class='ocrx_word' id='word_1_369' title='bbox 1458 2260 1543 2299; x_wconf 90' lang='lat' dir='ltr'><strong>ibid.</strong></span> <span class='ocrx_word' id='word_1_370' title='bbox 1559 2260 1575 2309; x_wconf 87' lang='lat'>§</span> <span class='ocrx_word' id='word_1_371' title='bbox 1593 2270 1660 2312; x_wconf 82' lang='lat'>¹13,</span> <span class='ocrx_word' id='word_1_372' title='bbox 1676 2271 1742 2308; x_wconf 79' lang='lat'>14,</span> <span class='ocrx_word' id='word_1_373' title='bbox 1761 2259 1830 2305; x_wconf 91' lang='lat'>18,</span> <span class='ocrx_word' id='word_1_374' title='bbox 1851 2272 1911 2311; x_wconf 88' lang='lat'>¹9·</span> 
     </span>
     <span class='ocr_line' id='line_1_39' title="bbox 662 2312 1911 2367; baseline -0.001 -14"><span class='ocrx_word' id='word_1_375' title='bbox 662 2314 780 2353; x_wconf 89' lang='lat' dir='ltr'>Hom.</span> <span class='ocrx_word' id='word_1_376' title='bbox 798 2315 837 2354; x_wconf 87' lang='lat'>11.</span> <span class='ocrx_word' id='word_1_377' title='bbox 853 2319 898 2361; x_wconf 87' lang='lat' dir='ltr'>E,</span> <span class='ocrx_word' id='word_1_378' title='bbox 913 2329 998 2366; x_wconf 81' lang='lat'>501,</span> <span class='ocrx_word' id='word_1_379' title='bbox 1013 2337 1058 2345; x_wconf 98' lang='lat'><strong>—</strong></span> <span class='ocrx_word' id='word_1_380' title='bbox 1073 2315 1212 2367; x_wconf 71' lang='grc' dir='ltr'><em>καρπόν</em></span> <span class='ocrx_word' id='word_1_381' title='bbox 1226 2326 1269 2355; x_wconf 78' lang='grc' dir='ltr'>τε</span> <span class='ocrx_word' id='word_1_382' title='bbox 1283 2315 1346 2353; x_wconf 70' lang='grc' dir='ltr'>καὶ</span> <span class='ocrx_word' id='word_1_383' title='bbox 1359 2315 1506 2366; x_wconf 67' lang='grc' dir='ltr'><em>ἄχνας.</em></span> <span class='ocrx_word' id='word_1_384' title='bbox 1516 2312 1638 2352; x_wconf 88' lang='lat' dir='ltr'>Dion.</span> <span class='ocrx_word' id='word_1_385' title='bbox 1650 2312 1734 2352; x_wconf 84' lang='lat' dir='ltr'>Hal.</span> <span class='ocrx_word' id='word_1_386' title='bbox 1750 2312 1842 2351; x_wconf 84' lang='lat' dir='ltr'>Ant.</span> <span class='ocrx_word' id='word_1_387' title='bbox 1856 2313 1911 2360; x_wconf 88' lang='lat' dir='ltr'>X,</span> 
     </span>
     <span class='ocr_line' id='line_1_40' title="bbox 657 2364 1910 2421; baseline 0 -16"><span class='ocrx_word' id='word_1_388' title='bbox 657 2381 696 2420; x_wconf 87' lang='lat' dir='ltr'>p.</span> <span class='ocrx_word' id='word_1_389' title='bbox 709 2368 785 2420; x_wconf 87' lang='lat'>638</span> <span class='ocrx_word' id='word_1_390' title='bbox 797 2399 809 2416; x_wconf 90' lang='lat'>‚</span> <span class='ocrx_word' id='word_1_391' title='bbox 823 2382 864 2407; x_wconf 83' lang='lat' dir='ltr'>v.</span> <span class='ocrx_word' id='word_1_392' title='bbox 881 2383 942 2421; x_wconf 73' lang='lat'>33,</span> <span class='ocrx_word' id='word_1_393' title='bbox 954 2369 1216 2420; x_wconf 77' lang='grc' dir='ltr'><em>πρεσβυτέρους</em></span> <span class='ocrx_word' id='word_1_394' title='bbox 1235 2381 1279 2406; x_wconf 80' lang='grc' dir='ltr'>τε</span> <span class='ocrx_word' id='word_1_395' title='bbox 1298 2367 1362 2406; x_wconf 76' lang='grc' dir='ltr'>καὶ</span> <span class='ocrx_word' id='word_1_396' title='bbox 1383 2371 1490 2407; x_wconf 80' lang='grc' dir='ltr'><em>νέους.</em></span> <span class='ocrx_word' id='word_1_397' title='bbox 1510 2366 1647 2406; x_wconf 82' lang='lat' dir='ltr'>Noster</span> <span class='ocrx_word' id='word_1_398' title='bbox 1661 2365 1777 2420; x_wconf 84' lang='lat' dir='ltr'>paulo</span> <span class='ocrx_word' id='word_1_399' title='bbox 1797 2364 1910 2418; x_wconf 82' lang='lat' dir='ltr'>supra</span> 
     </span>
     <span class='ocr_line' id='line_1_41' title="bbox 658 2419 1887 2472; baseline -0.003 -11"><span class='ocrx_word' id='word_1_400' title='bbox 658 2419 821 2472; x_wconf 60' lang='grc' dir='ltr'><em>ἱθρωκέις</em></span> <span class='ocrx_word' id='word_1_401' title='bbox 834 2435 879 2460; x_wconf 77' lang='grc' dir='ltr'>τε</span> <span class='ocrx_word' id='word_1_402' title='bbox 893 2422 957 2460; x_wconf 72' lang='grc' dir='ltr'>καὶ</span> <span class='ocrx_word' id='word_1_403' title='bbox 973 2436 1125 2461; x_wconf 50' lang='lat' dir='ltr'>meva-ft.</span> <span class='ocrx_word' id='word_1_404' title='bbox 1141 2423 1181 2461; x_wconf 78' lang='grc' dir='ltr'>δι</span> <span class='ocrx_word' id='word_1_405' title='bbox 1193 2421 1393 2461; x_wconf 85' lang='lat' dir='ltr'>sexcenties</span> <span class='ocrx_word' id='word_1_406' title='bbox 1406 2421 1504 2460; x_wconf 83' lang='lat' dir='ltr'>alibi.</span> <span class='ocrx_word' id='word_1_407' title='bbox 1518 2420 1662 2459; x_wconf 78' lang='lat' dir='ltr'>Rmz.</span> <span class='ocrx_word' id='word_1_408' title='bbox 1882 2445 1887 2449; x_wconf 61' lang='grc'><strong><em>«</em></strong></span> 
     </span>
    </p>

    <p class='ocr_par' dir='ltr' id='par_1_11' title="bbox 711 2470 1884 2528">
     <span class='ocr_line' id='line_1_42' title="bbox 711 2470 1884 2528; baseline -0.002 -16"><span class='ocrx_word' id='word_1_409' title='bbox 711 2477 783 2512; x_wconf 88' lang='lat' dir='ltr'>ead.</span> <span class='ocrx_word' id='word_1_410' title='bbox 797 2476 820 2514; x_wconf 91' lang='lat' dir='ltr'>l.</span> <span class='ocrx_word' id='word_1_411' title='bbox 835 2488 892 2514; x_wconf 91' lang='lat'>10.</span> <span class='ocrx_word' id='word_1_412' title='bbox 905 2475 959 2513; x_wconf 89' lang='grc' dir='ltr'><em>Ἐς</em></span> <span class='ocrx_word' id='word_1_413' title='bbox 970 2470 1151 2526; x_wconf 70' lang='grc' dir='ltr'>τούπίσω)</span> <span class='ocrx_word' id='word_1_414' title='bbox 1167 2478 1222 2513; x_wconf 87' lang='lat' dir='ltr'>Tu</span> <span class='ocrx_word' id='word_1_415' title='bbox 1233 2476 1306 2528; x_wconf 83' lang='lat' dir='ltr'>post</span> <span class='ocrx_word' id='word_1_416' title='bbox 1315 2488 1455 2526; x_wconf 80' lang='lat' dir='ltr'>tergum,</span> <span class='ocrx_word' id='word_1_417' title='bbox 1467 2487 1504 2512; x_wconf 82' lang='lat' dir='ltr'>tu</span> <span class='ocrx_word' id='word_1_418' title='bbox 1521 2474 1678 2527; x_wconf 74' lang='lat' dir='ltr'>negleHus</span> <span class='ocrx_word' id='word_1_419' title='bbox 1687 2488 1734 2511; x_wconf 87' lang='lat' dir='ltr'>es.</span> <span class='ocrx_word' id='word_1_420' title='bbox 1744 2472 1884 2512; x_wconf 85' lang='lat' dir='ltr'>BROD.</span> 
     </span>
    </p>

    <p class='ocr_par' dir='ltr' id='par_1_12' title="bbox 708 2519 1914 2582">
     <span class='ocr_line' id='line_1_43' title="bbox 708 2519 1914 2582; baseline -0.002 -16"><span class='ocrx_word' id='word_1_421' title='bbox 708 2530 782 2568; x_wconf 83' lang='lat' dir='ltr'>ead.</span> <span class='ocrx_word' id='word_1_422' title='bbox 794 2528 817 2567; x_wconf 92' lang='lat' dir='ltr'>l.</span> <span class='ocrx_word' id='word_1_423' title='bbox 837 2541 850 2567; x_wconf 87' lang='lat'><em>1</em></span> <span class='ocrx_word' id='word_1_424' title='bbox 861 2519 948 2581; x_wconf 47' lang='lat' dir='ltr'>31²*ss</span> <span class='ocrx_word' id='word_1_425' title='bbox 962 2531 1012 2568; x_wconf 70' lang='grc' dir='ltr'>τὰ</span> <span class='ocrx_word' id='word_1_426' title='bbox 1023 2525 1147 2578; x_wconf 72' lang='grc' dir='ltr'>ἄλλοι)</span> <span class='ocrx_word' id='word_1_427' title='bbox 1159 2527 1232 2568; x_wconf 89' lang='lat' dir='ltr'>Sus</span> <span class='ocrx_word' id='word_1_428' title='bbox 1227 2525 1375 2582; x_wconf 86' lang='lat' dir='ltr'>picatur</span> <span class='ocrx_word' id='word_1_429' title='bbox 1387 2526 1549 2574; x_wconf 75' lang='lat' dir='ltr'>Casaub.</span> <span class='ocrx_word' id='word_1_430' title='bbox 1563 2526 1608 2567; x_wconf 87' lang='lat' dir='ltr'>ad</span> <span class='ocrx_word' id='word_1_431' title='bbox 1621 2526 1760 2568; x_wconf 84' lang='lat' dir='ltr'>Athen.</span> <span class='ocrx_word' id='word_1_432' title='bbox 1774 2538 1837 2573; x_wconf 82' lang='lat'>14,</span> <span class='ocrx_word' id='word_1_433' title='bbox 1850 2537 1865 2563; x_wconf 84' lang='lat'>1</span> <span class='ocrx_word' id='word_1_434' title='bbox 1873 2535 1914 2578; x_wconf 68' lang='grc' dir='ltr'>ς,</span> 
     </span>
    </p>
   </div>
  </div>
 </body>
</html>
