2015 3490
630 251 714 299 552
826 206 1728 281 ANNoTATIONESv

623 334 694 375 per
706 319 742 359 se
757 319 862 360 futile
880 332 969 360 cum
986 318 1030 357 stt
1043 349 1054 366 ‚
1073 331 1158 362 nec,
1173 331 1253 371 quo
1271 317 1510 358 referendum
1522 348 1533 367 ,
1548 318 1658 358 sciam
1673 350 1686 366 ‚
1703 322 1800 361 inter
1814 323 1885 364 alia

622 373 767 413 scholia
779 373 964 413 edendum
976 384 1055 411 non
1066 371 1176 418 duxi,
1187 385 1256 411 nec
1267 371 1420 423 prorsus
1433 373 1586 412 reticere
1599 374 1717 413 volui.
1730 374 1888 417 Sol-AN.

624 427 718 467 Non
743 425 976 466 annotaffem
1000 425 1257 465 variationem
1292 425 1502 466 editionum
1535 427 1630 465 inter
1657 442 1709 477 μυ
1719 429 1824 480 ’ῥίνην
1846 431 1888 470 &

626 480 814 533 Μυῤῥίνην,
831 480 896 519 nisi
921 479 1048 519 Solani
1071 478 1284 529 diligentiae
1305 477 1547 518 ostentandae
1565 479 1680 519 causa
1698 445 1888 530 (faeerem3

625 546 714 573 nam
729 534 838 573 nimis
853 544 989 572 notum
1002 531 1066 577 est,
1083 531 1167 572 ΜΠ.
1183 532 1224 571 δι
1237 531 1317 571 edd.
1330 533 1505 584 antiquas
1519 545 1606 571 raro
1628 535 1784 574 nomina
1797 548 1890 587 pro-

626 587 711 640 pria
721 586 840 627 literis
847 586 1058 626 maiusculis
1069 584 1270 624 initialibus
1280 583 1524 637 distinguere;
1535 586 1582 624 ita
1591 599 1684 626 mox
1695 587 1889 627 Μελιταῖα

629 639 761 679 versus
773 639 838 679 fin.
852 640 967 679 huius
984 652 1066 692 cap.
1086 651 1246 692 quoque
1257 637 1434 691 scriptum
1447 649 1525 678 erat
1533 639 1731 688 μελιταῖα.
1750 641 1891 693 Quare)

626 694 668 733 in
681 694 908 733 annotandis
923 693 1138 733 huiusmodi
1154 692 1318 743 minutiis
1335 691 1511 744 posthaec
1525 694 1718 744 parciores
1735 696 1890 743 erimus,

627 746 699 787 nifi
715 747 778 787 ubi
790 746 982 786 necessitas
995 756 1128 799 urgeat
1139 775 1149 791 ,
1165 757 1207 784 ut
1218 757 1252 784 c.
1269 744 1341 798 seq.
1355 758 1393 784 v,
1405 748 1618 798 καρχάρων.
1631 747 1778 788 RmTz.

686 800 777 853 Pag.
801 800 889 852 258.
908 801 930 839 l.
946 816 984 849 4.
1005 799 1163 852 Βοιϋζον)
1183 800 1294 838 Hanc
1313 812 1451 840 vocem
1474 800 1580 852 attigi
1595 801 1641 839 ad
1659 801 1890 855 principium

630 852 783 897 Petron.
796 854 970 895 Bounn.

685 909 787 946 ead.l
811 921 841 957 5.
856 910 912 946 Τὰ
931 904 1145 959 μελιτοιῖα)
1163 904 1391 946 Huiusmodi
1415 906 1514 946 enim
1535 904 1621 946 sunt
1642 908 1810 948 Melitaei
1829 921 1894 950 ca-

628 973 713 1001 nes.
727 960 867 1001 Erasm.
881 962 916 1000 in
940 960 1121 1014 proverb.
1134 960 1320 999 Melitaeus
1335 961 1481 1000 catulus.
1500 960 1639 1000 BROD.
1654 962 1761 1002 Haec
1773 976 1855 1002 vox
1870 975 1893 1002 a

633 1015 822 1066 prioribus
838 1014 1102 1064 interpretibus
1114 1026 1191 1052 non
1207 1012 1277 1052 fuit
1294 1012 1494 1053 intellefta.
1515 1015 1621 1053 Canes
1633 1026 1740 1054 erant
1752 1029 1798 1054 ex
1812 1018 1894 1055 Me-

630 1068 848 1116 aminsu123
864 1070 920 1108 uti
934 1068 1046 1107 hodie
1059 1067 1108 1106 ab
1124 1066 1302 1119 Hispania
1317 1078 1579 1107 matronarum
1599 1067 1814 1109 nostrarum
1832 1082 1895 1110 ca-

634 1121 722 1160 tulis
737 1135 878 1161 nomen
892 1122 1048 1164 inditum
1062 1119 1126 1160 est.
1140 1120 1233 1160 Eam
1253 1131 1378 1159 autem
1391 1120 1547 1159 insulam
1561 1152 1570 1165 ,
1585 1121 1686 1161 unde
1703 1134 1816 1162 canes
1829 1123 1896 1163 ha·

632 1175 798 1222 bebant,
814 1176 923 1215 aliam
943 1175 1015 1216 effe
1030 1188 1050 1214 a
1065 1173 1191 1213 nostra
1212 1173 1360 1213 Maltha
1372 1204 1380 1211 .
1399 1174 1567 1226 Scaliger
1581 1176 1690 1215 docet
1700 1188 1752 1215 ex
1772 1176 1895 1216 Plinio

635 1228 674 1267 in
689 1228 765 1268 fine
781 1229 820 1269 L.
836 1229 910 1277 111,
927 1243 956 1268 c.
983 1230 1042 1268 26.
1054 1228 1145 1267 Vid.
1161 1239 1274 1267 notas
1289 1228 1332 1266 ad
1349 1226 1483 1267 Euseb.
1500 1227 1646 1267 Chron.
1665 1243 1701 1280 p.
1725 1241 1813 1280 223.
1838 1229 1898 1270 In-

632 1280 715 1322 sula
729 1281 781 1322 est
791 1296 886 1322 orae
899 1282 1137 1321 Dalmaticae
1149 1282 1319 1321 adiacens
1331 1312 1341 1328 ‚
1354 1294 1453 1334 quae
1470 1281 1583 1321 hodie
1595 1283 1732 1322 Meleda
1745 1283 1895 1324 dicitur.

634 1334 709 1375 Sed
723 1336 798 1375 vid.
811 1338 923 1376 etiam
938 1336 1060 1376 Strab.
1076 1349 1112 1388 p.
1127 1349 1218 1384 277„
1231 1336 1295 1387 qui
1315 1348 1361 1374 ex
1377 1335 1492 1376 altera
1507 1336 1633 1374 Melita
1653 1336 1799 1376 catulos
1811 1336 1896 1376 illos

636 1390 780 1441 petitos
790 1388 896 1429 fuisse
907 1389 1052 1430 disertis
1063 1389 1193 1428 verbis
1204 1389 1262 1429 ait.
1277 1388 1476 1441 Theophr.
1491 1389 1530 1426 in
1538 1388 1715 1428 Chara&
1731 1403 1765 1429 c.
1780 1406 1824 1430 π.
1834 1405 1898 1441 μι-

637 1445 917 1494 κροφιλοτιμίας
939 1455 1232 1483 monumentum
1254 1441 1437 1481 eiusmodi
1458 1442 1540 1482 cani
1564 1442 1794 1484 exstruelum
1817 1457 1898 1483 me·

637 1508 779 1541 morat,
795 1497 865 1538 hac
878 1496 1141 1549 inscriptione,
1158 1495 1354 1535 KAAAOC
1370 1495 1632 1535 MEAITAIOC.
1650 1496 1773 1537 Cuius
1789 1498 1901 1536 vani·

640 1550 725 1589 tatis
737 1550 853 1590 exstat
867 1564 917 1590 nu
925 1564 1056 1604 perum
1071 1551 1186 1590 etiam
1197 1549 1416 1602 exemplum
1426 1581 1435 1596 ‚
1452 1548 1515 1588 feli
1529 1549 1671 1589 Parisiis
1686 1551 1899 1592 dedicatum

636 1616 948 1645 monumentum.
961 1605 1143 1644 Nominat
1157 1604 1292 1642 iterum
1305 1603 1434 1642 noster
1444 1602 1577 1651 Φιλοψ.
1592 1616 1623 1642 c.
1641 1618 1707 1653 27,
1715 1604 1755 1644 δι
1766 1609 1899 1654 Συμπ.

642 1670 723 1710 cap.
742 1671 799 1708 19.
815 1659 992 1698 Meminit
1007 1659 1119 1698 etiam
1134 1656 1334 1710 Diogenes
1345 1657 1446 1710 apud
1461 1656 1587 1697 Laert.
1609 1669 1693 1710 pag.
1712 1672 1725 1696 t
1737 1669 1753 1711 5
1764 1670 1777 1696 ι
1795 1658 1843 1697 Α.
1859 1659 1900 1698 δι

637 1710 781 1764 Aesop.
801 1711 824 1751 f.
839 1712 901 1751 88.
916 1712 1073 1751 SOLAN.

697 1769 770 1804 ead.
787 1767 808 1805 l.
822 1780 859 1815 7.
875 1762 952 1804 Οὔκ
963 1765 1134 1816 ἀμούσως
1151 1764 1243 1805 ποτὲ
1261 1764 1326 1804 καὶ
1349 1764 1401 1803 εἰς
1415 1763 1497 1803 τοὺς
1517 1762 1657 1803 ἄλλους
1671 1762 1756 1803 τοὺς
1767 1764 1901 1815 παρόν-

640 1832 718 1858 τας
730 1818 763 1858 ἐν
781 1818 833 1869 τᾷἱ
848 1818 1038 1870 ξυμποσίῳ
1051 1818 1334 1865 ἀποσκώπτων)
1344 1817 1582 1863 Βεηεάἰξὶιις,
1596 1833 1766 1871 nunquam
1779 1819 1900 1871 insulsi

642 1872 733 1913 alios
745 1874 844 1912 etiam
862 1896 906 1904 —
923 1874 1063 1914 diacriis
1071 1885 1185 1926 petens
1211 1872 1420 1923 Coniungit
1435 1870 1639 1924 separanda
1651 1901 1663 1917 ,
1677 1871 1718 1910 δι
1730 1872 1818 1912 hinc
1829 1885 1902 1912 ve-

639 1925 841 1967 hementer
855 1936 1010 1978 torquet
1024 1927 1245 1969 Lucianum.
1260 1926 1400 1965 Melior
1415 1925 1590 1965 Erasmus
1600 1955 1613 1971 ,
1627 1941 1701 1964 cum
1714 1941 1782 1965 non
1794 1925 1902 1977 insul-

637 1980 790 2033 sefitper
802 1981 996 2020 convivium
1013 1981 1143 2022 Ameria
1154 1983 1315 2033 quaedam
1335 1980 1458 2032 ieciffet
1471 1981 1506 2018 in
1521 1995 1592 2025 eos,
1600 1980 1662 2031 qui
1673 1982 1821 2019 aderant.
1835 1979 1901 2020 Sic

641 2035 745 2073 enim
760 2035 869 2077 debet
878 2065 888 2081 ,
904 2049 979 2076 cum
991 2036 1172 2088 aliquando
1185 2050 1253 2073 non
1264 2034 1382 2085 insul-fir
1393 2035 1524 2072 iocatus
1535 2031 1623 2085 effet.
1636 2032 1780 2073 GRON.

699 2091 772 2126 ead.
783 2090 810 2127 l.
828 2103 841 2127 1
851 2089 884 2128 6.
897 2087 970 2127 Τῶν
981 2087 1204 2142 καρχάρων)
1218 2088 1351 2126 Malim
1368 2091 1428 2126 τὶν
1445 2088 1629 2139 κάρκαρον,
1643 2086 1780 2126 BROD.
1803 2086 1904 2139 (Mi-

641 2139 742 2181 scell.
754 2142 811 2181 lx
824 2172 836 2188 ‚
852 2154 915 2192 13q
926 2155 964 2192 p.
977 2142 1042 2190 67,
1058 2143 1108 2181 ita
1120 2141 1245 2181 scribit
1255 2173 1268 2189 ,
1282 2141 1379 2181 male
1390 2141 1495 2194 quod
1509 2141 1552 2180 ad
1567 2140 1879 2192 orthographiam
1891 2172 1905 2190 ‚

645 2207 726 2233 non
739 2196 882 2247 inepte,
893 2196 998 2248 quod
1013 2196 1058 2234 ad
1071 2195 1224 2242 casum;
1240 2208 1325 2234 nam
1341 2194 1391 2234 fic
1406 2194 1669 2234 vehementius
1680 2194 1901 2234 convicium

641 2249 714 2287 ›tmi
726 2249 778 2287 illi
791 2249 834 2288 fit
847 2250 1001 2293 rhetori.
1022 2249 1092 2289 Sed
1108 2249 1263 2302 vulgata
1283 2248 1379 2288 stare
1397 2247 1538 2302 potest:
1565 2247 1787 2299 intelligitur
1803 2248 1904 2287 enim

649 2297 710 2341 ἕνα
723 2333 735 2350 ,
750 2314 791 2342 ut
805 2303 904 2343 Dial.
921 2304 1040 2343 Mort.
1055 2304 1110 2344 IX
1122 2332 1131 2341 .
1150 2302 1165 2352 §
1182 2317 1202 2341 2
1215 2334 1226 2350 ‚
1243 2303 1427 2354 μακάριος
1443 2300 1577 2341 αὐτῶν.
1591 2300 1834 2353 Aristophan.
1849 2301 1903 2343 Pl.

651 2369 743 2408 345,
757 2352 880 2408 ε’ἷγᾰς
891 2357 963 2395 τῶν
979 2357 1110 2407 φίλων.
1126 2356 1292 2408 ΚΕΗ-ι.)
1304 2356 1364 2396 Sic
1381 2356 1493 2395 vertit
1507 2354 1686 2394 Erasmus
1695 2368 1708 2402 ;
1722 2354 1904 2394 nimirum

647 2411 799 2461 putavit
817 2413 999 2450 carcharos
1013 2410 1123 2450 fuiffe
1136 2410 1301 2463 populos
1322 2411 1371 2448 ita
1386 2420 1570 2457 vocatos,
1588 2408 1650 2447 vel
1663 2419 1812 2460 gentem
1827 2407 1906 2447 for·
1962 2427 1965 2432 «

647 2473 686 2502 te
698 2463 859 2508 Athenis
871 2464 1067 2516 degentem
1079 2495 1092 2510 ,
1105 2475 1147 2503 ut
1170 2463 1417 2515 Eumolpidae
1429 2493 1439 2508 ‚
1453 2462 1681 2508 Phoenices,
1697 2461 1904 2503 Eteobuta-

645 2515 726 2561 dae.
740 2517 795 2563 At
806 2517 923 2572 longe
935 2531 958 2559 a
971 2519 1132 2563 veritate
1144 2517 1336 2565 aberravit
1352 2515 1582 2563 doctissimus
1593 2516 1653 2562 ille
1669 2515 1743 2560 vir.
1757 2515 1905 2576 hegen,-⁴
