2015 3490
292 250 393 296 IN
458 245 1176 296 PISCATOREM.
1279 266 1369 313 471

96 335 186 383 licet,
204 337 338 388 expedit
346 339 454 377 bonas
468 338 532 390 effi·
544 337 675 387 vobis,
667 348 717 377 ita
731 338 771 378 &
787 351 870 391 quo
887 338 1013 378 minus
1025 338 1178 379 Graece
1191 336 1283 390 poffi
1290 351 1378 378 mus

99 402 267 443 utroque
282 392 401 431 modo
413 391 538 444 loqui,
548 392 652 431 nulla
664 391 717 431 est
731 394 845 438 ratio,
859 393 977 432 modo
991 391 1111 431 refie
1104 405 1141 431 in
1153 391 1378 432 construen-

99 445 151 484 do
163 443 430 497 distinguatur.
437 444 642 505 Apollonii
657 458 752 498 ergo
768 446 913 485 verba
905 457 956 485 ita
973 457 1084 485 erunt
1095 446 1378 493 concinnanda,

34 499 39 505 ⁴
99 497 208 548 ’Ὑμῖν
229 498 298 548 μὲν
319 498 368 538 <sn
385 514 496 549 μοιρει
509 497 598 537 ὒεῶν
612 501 729 551 χρειώ
740 514 799 547 τι,
823 496 922 543 ὑμᾶς
947 497 1105 549 περῆσαι
1127 498 1254 539 ἐνθάδε
1272 498 1376 539 κῶας

100 549 276 604 ἔχοντας.
299 551 354 590 Ita
369 553 407 591 &
422 552 659 604 Homerus(
689 552 766 592 uod
779 551 901 604 ipsum
917 552 1134 605 exemplum
1150 551 1263 592 affert
1278 566 1377 606 quo-

101 618 182 670 que
200 605 280 645 istic
286 605 499 672 Apollonii
518 552 762 653 Scholiacffes)
785 606 828 645 11.
846 611 894 654 A,
914 620 955 645 v.
974 619 1065 658 541:
1088 606 1162 645 Αἰεί
1180 621 1234 646 τοι
1259 608 1375 654 φίλον

101 658 202 698 ἐστιν
217 658 303 709 ὲμευ
319 659 398 697 ἀπο
414 658 536 707 ιόσφιν
552 658 684 705 ἐόντα,
710 637 945 718 Κρυπτέιὲια.
959 660 1155 712 φρονέοντα
1168 658 1373 711 ἓικαζέμεν

107 734 152 743 ——
169 713 244 752 hoc
262 712 335 761 est,
358 713 433 752 Αἰεί
445 727 502 751 τοι
517 714 625 763 φίλον
641 713 748 760 ἐστὶ,
771 713 811 752 σὲ
825 713 914 763 ἑμευ
929 713 1005 752 &c.
1019 712 1150 766 semper
1167 713 1226 750 tibi
1263 715 1372 760 lacet,

101 777 132 804 te
139 765 288 818 seorsum
301 782 324 805 a
341 767 455 812 nobis,
473 766 560 805 clam
573 767 710 819 confilia
720 767 919 819 agitantem,
933 781 1079 818 regnare.
1103 766 1194 806 Null
1242 767 1371 806 itidem

101 820 200 866 iure,
213 831 253 860 ut
267 830 355 859 ante
367 833 437 860 nos
449 821 563 860 video
578 819 881 861 animadvertiffe
891 821 963 860 Ier.
978 819 1239 866 Hoelzlinum‚
1251 820 1372 861 Scho-

101 873 250 913 liastes
242 887 279 912 in
294 875 351 913 his
365 874 606 937 Apollonii1,
621 889 658 913 v.
673 869 889 926 872,”1ομεν
899 869 1013 914 αὖτις
1027 871 1182 914 ἕκαστοι
1196 875 1258 914 ἐπὶ
1274 875 1372 922 σφέοι

108 949 154 958 -
167 927 321 967 aitillud
343 941 411 977 σφε
416 944 440 966 z
460 927 497 967 se
511 941 590 967 non
606 923 722 982 ὑγιῶς
743 928 908 977 habere3
931 928 1140 968 convenire
1155 928 1256 967 enim
1277 928 1374 975 σφοῖς

103 983 235 1021 tertiae
250 981 459 1035 personae,
474 981 534 1022 hic
547 994 674 1022 autem
685 981 901 1023 sermonem
918 982 1031 1022 fieri
1022 995 1060 1020 m
1080 983 1223 1042 prima;
1251 995 1371 1034 quare

103 1034 273 1075 debuiffe
287 1036 351 1088 Ap
354 1034 544 1075 ollonium
563 1036 712 1075 dicere'
699 1037 751 1085 εφ’
766 1035 942 1098 ἡμέτεροι.
965 1035 1036 1076 Sed
1051 1036 1212 1075 omnino
1227 1033 1371 1075 fallitur

103 1088 280 1130 Graecus
293 1090 354 1129 ille
370 1089 569 1153 magister:
592 1090 710 1129 nihilo
728 1091 828 1129 enim
844 1091 965 1143 magis
980 1100 1109 1143 peccat
1124 1089 1374 1142 Apollonius,

103 1143 285 1192 dicens‚⁶‘
290 1149 388 1193 Ιομεν
409 1148 520 1183 αὖτις
535 1141 688 1182 ἕκαστοι
702 1144 764 1183 ἐπι
782 1144 879 1192 σφέα,
895 1166 940 1173 -
962 1146 1150 1183 Redeamus
1171 1143 1306 1196 quisque
1324 1147 1374 1183 ad

98 1196 182 1248 fica,
198 1219 242 1227 -
257 1210 374 1250 quam
387 1197 573 1250 Virgilius
588 1196 712 1250 (quod
733 1199 831 1237 idem
844 1207 1069 1250 opportune
1083 1197 1219 1236 deeius
1234 1197 1294 1237 ille
1310 1199 1372 1237 vir

36 1273 54 1283 κ
105 1249 234 1304 affert)
244 1252 395 1297 eodem,
408 1240 610 1304 puerisque
622 1251 828 1312 notiffimo,
843 1252 960 1292 modo
975 1252 1113 1299 dicens,
1128 1251 1278 1304 Quisque
1284 1251 1372 1303 suos

101 1305 392 1358 patimurmanes:
400 1328 445 1334 —
456 1319 535 1359 qua
545 1306 727 1366 loquendi
739 1306 886 1345 ratione
896 1305 1025 1345 nullus
1035 1318 1114 1345 non
1127 1305 1286 1358 {criptor
1298 1305 1372 1344 fre-

103 1359 342 1412 quentiffime
354 1361 486 1399 utitur.
511 1359 713 1399 Similiter
706 1360 860 1412 iniquus
880 1358 941 1398 est
947 1358 1173 1399 Scholiastes
1190 1358 1270 1399 ille'
1263 1372 1299 1398 in
1315 1359 1372 1398 A·

104 1412 342 1477 pollonhun,
360 1414 447 1452 ubi
440 1427 477 1452 m
494 1427 532 1452 v.
548 1413 620 1473 893
634 1445 645 1461 ,
667 1411 828 1453 ‘Pnisime
841 1413 879 1453 A*
898 1413 942 1452 ἂν
955 1412 1010 1452 ἑοῖ
1018 1429 1083 1452 nou
1098 1413 1174 1452 ἀπε
1160 1413 1270 1466 {pom
1283 1416 1373 1453 Aaou

107 1466 184 1520 ἆγε
189 1482 292 1518 ραις,
306 1468 435 1521 culpat
448 1470 492 1506 το
513 1466 560 1505 ἔοι
583 1469 629 1506 de
647 1465 813 1506 secunda
832 1467 1004 1531 usurpari
1025 1466 1210 1519 persona,
1225 1480 1313 1506 cuin
1335 1467 1372 1506 id

107 1521 261 1585 proprie
277 1523 466 1574 pertineat
481 1521 526 1560 ad
540 1522 699 1560 tertiam.
716 1520 787 1560 Sed
801 1537 842 1560 το
858 1519 920 1567 ἔοι,
935 1521 1257 1574 quemadmodum
1276 1522 1314 1560 δι
1329 1536 1371 1558 το

107 1578 258 1622 ἑαυτου,
277 1576 390 1614 etiam
408 1576 453 1615 de
473 1576 552 1614 aliis
575 1574 743 1627 personis
763 1574 961 1627 usurpari,
986 1575 1086 1614 reele
1108 1575 1375 1614 animadvertit

107 1628 206 1668 idem
217 1629 454 1675 Hoelzlinus,
464 1629 509 1668 ad
519 1642 632 1682 quem
643 1628 822 1668 merorem
835 1629 976 1681 relego
989 1629 1096 1668 IENS.
1110 1629 1175 1667 Ed.
1184 1629 1271 1667 Flor.
1279 1629 1374 1667 πάιν-

107 1697 194 1730 τως,
208 1683 265 1722 uti
276 1684 527 1723 conieceram.
546 1683 589 1721 In
602 1683 755 1734 reliquis
767 1682 819 1722 est
831 1683 996 1731 πάντων,
1012 1681 1200 1723 mendose.
1211 1682 1371 1722 SOLAN.

164 1739 237 1775 ead.
251 1738 274 1776 l.
291 1736 578 1790 13.1<÷=v‹22mus)
594 1737 709 1789 Apud
723 1737 884 1776 Latinos
897 1736 1102 1790 saepiffirne
1110 1737 1276 1790 principes
1291 1737 1374 1789 phi-

108 1790 261 1843 losophi
279 1791 330 1830 illi
345 1790 504 1830 illustres
518 1792 697 1838 audiunt,
713 1790 928 1843 praesertim
942 1791 1045 1843 apud
1059 1790 1299 1830 Ciceronem.
1321 1791 1377 1829 At

110 1843 175 1884 hic
197 1857 277 1884 non
294 1845 481 1898 principum
501 1856 649 1884 tantum
668 1846 824 1884 nomine
844 1846 1003 1884 honoris
1018 1843 1129 1884 causa
1148 1844 1377 1896 compellat,

109 1898 173 1938 sed
193 1898 362 1951 summam
379 1900 413 1938 δ’
435 1901 613 1964 epitomen
621 1900 726 1938 totius
743 1899 830 1950 suae
849 1899 1063 1951 disciplinae.-
1084 1898 1159 1952 ipſsz
1178 1899 1376 1951 dsciplina-

111 1968 186 1992 rum
198 1969 342 1992 mearum
355 1954 480 2007 capita.
493 1953 553 1993 Sic
567 1949 670 1992 αὐτὰ
681 1952 729 1993 «Ρη
743 1955 796 1991 τὰ
808 1969 848 1991 κε
834 1967 889 2001 ε.φ
902 1952 1075 2006 usurpat'
1070 1963 1139 1991 iter
1142 1966 1206 1991 um
1222 1957 1304 2003 Σνγ
1312 1967 1374 2005 γρ

111 2020 194 2060 cap.
210 2006 256 2046 28
272 2007 335 2056 ,δι
350 2012 390 2046 N.
403 2016 450 2047 Δ.
467 2007 553 2048 XX.
574 2006 686 2046 Haec
698 2019 784 2046 cum
801 2006 1024 2052 scriberem,
1039 2007 1144 2045 venit
1158 2008 1195 2045 in
1209 2018 1377 2045 mentem

113 2060 222 2101 locus
237 2061 437 2101 Ciceronis
452 2060 799 2123 depravatiffimus,
814 2061 859 2100 de
873 2061 961 2099 Nat.
976 2060 1028 2100 D.
1041 2061 1168 2108 initi0;
1189 2073 1277 2099 cum
1293 2073 1380 2112 per-

112 2113 317 2155 obscuram
339 2114 413 2155 effe
430 2114 574 2155 dixiffet
592 2115 809 2168 quaestionem
829 2117 867 2153 de
885 2127 1009 2153 natura
1029 2117 1202 2159 Deorum,
1222 2113 1272 2153 fic
1292 2127 1379 2167 per-

114 2171 188 2221 git:
204 2172 264 2208 De
283 2183 352 2223 qua
366 2183 436 2208 tam
455 2171 572 2208 variae
587 2169 672 2220 fitnt
682 2170 806 2221 do‘Zcff
804 2184 930 2208 morum
948 2169 1142 2213 hominum,
1165 2180 1296 2219 tamque
1310 2166 1380 2219 dis

115 2238 164 2262 cr
155 2235 285 2273 pantes
302 2222 509 2274 sententiae,
523 2235 561 2262 ut
579 2238 700 2276 magno
721 2235 912 2275 argumento
934 2223 995 2275 effe
1015 2225 1128 2261 debeat
1149 2222 1214 2260 CA
1223 2223 1384 2260 USAM

116 2276 449 2316 PRINCIPIUM
459 2276 691 2328 philosophiae
706 2277 767 2329 effi:
776 2278 951 2330 scientiam
964 2308 975 2325 ‚
988 2280 1224 2328 prudenterque
1241 2277 1380 2314 Acade-

116 2330 219 2369 micos
242 2346 266 2369 a
283 2332 465 2370 REBUS
479 2331 732 2370 INCERTIS
753 2331 966 2383 aſjenfionetn
993 2329 1184 2382 cohibuiff
1203 2330 1264 2368 Ad
1279 2329 1386 2368 hunc

117 2383 249 2424 locum
259 2384 363 2424 doffl
376 2384 507 2424 multa.
520 2383 559 2423 Ρ.
575 2385 779 2423 Manutius
793 2386 898 2437 leglt
907 2383 1061 2436 causam,
1074 2383 1382 2436 tdestprmczpzum,

115 2437 356 2490 ostenditque
380 2438 577 2490 pluribus,
599 2452 674 2489 qua
694 2440 842 2478 ratione
855 2439 1000 2490 scicntia
1021 2437 1066 2476 fit
1089 2437 1194 2489 emsa
1215 2436 1385 2497 philoso-

118 2491 243 2544 phiae.
263 2491 334 2531 Sed
350 2491 443 2530 nihil
464 2492 560 2531 haec
575 2493 624 2531 ad
639 2505 739 2534 rem:
759 2494 880 2532 immo
894 2492 1072 2532 Ciceroni
1085 2491 1293 2535 contraria,
1307 2491 1391 2540 qui

116 2545 304 2602 quidquid
321 2546 476 2587 demum
489 2545 715 2601 scripserat,
730 2545 854 2587 statim
875 2544 1263 2599 infert,prudc12terA
1260 2545 1393 2584 ademia

1024 2598 1152 2653 Gg4
