2015 3490
275 258 347 307 IN
378 258 678 308 VITARUM
710 259 1110 310 AUCTIONEM.
1228 274 1318 328 451

61 347 186 391 Laert.
198 358 350 388 enarrat
365 348 404 386 in
421 349 513 387 Zen.
529 347 609 386 vita
625 347 696 385 iam
717 346 892 393 laudata,
910 362 945 400 p.
964 362 1036 401 179
1050 348 1097 390 C.
1116 347 1168 389 D.
1187 350 1326 392 Noster

57 405 176 443 etiam
192 415 285 441 mox
297 429 308 449 ‚
324 400 383 440 sed
397 401 533 441 iocose.
546 402 598 440 V.
615 400 740 452 Cogn.
760 400 830 438 128
843 430 854 447 ,
872 402 913 440 δι
925 401 1028 440 Suid.
1043 403 1201 443 SOLAN.

116 458 196 495 ibid.
207 453 358 495 Ὀετοίων
368 455 430 492 καὶ
443 452 758 506 ὃπόσωνγθποῖον
770 455 832 492 καὶ
845 453 987 493 δοτέα-σν.
999 455 1170 496 GUYET.
1182 456 1325 498 ‘omsov

63 510 128 549 καὶ
143 509 276 548 ὁπόσον
297 509 339 547 L.
355 508 462 560 quod
483 509 603 559 magis
622 507 780 551 arridet,
795 511 912 558 quam
930 507 1041 548 ὁποῖα
1057 510 1120 548 καὶ
1136 510 1260 551 ὁπόσα
1273 512 1325 552 Α.

63 564 106 603 ἃ
121 562 158 601 Ρ.
173 562 216 601 In
230 562 310 601 edd.
328 560 454 600 ὁποίων
472 562 533 599 καὶ
546 561 698 600 ὁπόσων.
713 560 869 599 SOLAN.
1191 569 1193 571 '

120 618 155 654 ιἰι
170 617 282 655 schol.
297 616 360 654 col.
376 628 406 652 1.
421 616 444 653 l.
458 628 493 663 7.
510 612 744 666 Αὗτοτελῶν)
765 614 861 665 Lege
881 614 1008 666 potius
1028 612 1263 667 αὐτοτελῶς,
1284 620 1326 660 &

65 682 160 710 mox
173 684 209 707 τι
223 668 294 708 τῶν
311 668 494 718 ὂνοματων
509 682 575 720 χρ.
589 666 809 723 ἐξετατελοῦν,
823 667 1138 721 κατιιγορορ(ιειὀν
1151 671 1196 708 δὲ
1209 675 1252 709 τὸ
1268 672 1328 724 ῥγῖ.

64 736 137 774 μα·
158 733 238 762 tum
262 734 383 775 prose
407 721 520 760 finem
536 752 546 766 ‚
569 721 679 759 Οὑτοι
696 719 870 772 (Stoici)
895 726 962 771 μὲν
986 723 1044 760 οὐν
1066 719 1193 764 οὕτως.
1208 725 1325 776 Quae

67 776 296 830 praecedunt
306 806 317 822 ,
332 775 474 815 mendis
489 775 686 822 laborant3
703 776 740 812 in
753 775 892 826 quibus
905 776 1127 815 amovendis
1142 784 1327 819 eominus

67 843 225 882 operam
241 830 344 868 abuti
361 829 487 877 lubet,
503 829 607 880 quod
625 828 721 867 hanc
736 827 1042 867 observationem
1058 843 1182 882 neque
1198 832 1245 870 ab
1258 833 1328 872 ho-

70 884 170 922 mine
185 882 359 928 Graeco,
375 896 498 935 neque
513 883 559 921 ab
572 894 635 927 eo,
650 881 719 933 qui
733 894 873 926 rerum,
886 895 984 933 quas
997 886 1242 934 exponendas
1253 885 1328 925 sus-

67 948 240 989 ceperat,
264 936 346 975 sat-is
367 935 456 975 effer
478 936 637 987 peritus,
661 935 834 988 scriptam
851 934 956 974 fuifl'e
978 939 1220 988 putem.Vid.
1241 940 1328 979 Me-

69 1003 157 1042 nag.
171 991 217 1029 ad
232 990 398 1041 Diogen.
412 990 559 1035 LVII,
573 991 634 1037 64.
649 989 811 1027 HEMST.

126 1045 213 1097 Pag.
233 1057 316 1095 105.
332 1044 356 1082 l.
374 1057 387 1081 1
398 1073 406 1080 .
424 1041 754 1094 Παρασύμβαμα)
770 1042 884 1081 Ludit
899 1041 1055 1082 festivus
1067 1041 1194 1083 scurra
1209 1046 1245 1084 in
1260 1047 1331 1087 de-

70 1097 283 1149 torquenda
297 1096 567 1148 significatione
582 1108 726 1134 vocum
739 1125 748 1138 ,
769 1108 868 1147 quae
889 1097 932 1134 ad
949 1096 1251 1138 Grammaticam
1269 1100 1330 1139 vel

71 1150 320 1191 Dialefficam
346 1151 532 1202 pertinent
553 1178 563 1195 ,
592 1161 706 1202 quam
733 1149 847 1189 discas
875 1151 1017 1201 optime
1040 1163 1089 1189 ex
1116 1153 1332 1204 Apollonio

61 1205 184 1256 Sym.
202 1205 266 1243 lib.
284 1219 319 1252 1,
333 1217 368 1257 p.
383 1206 428 1255 36
441 1234 453 1250 ‚
469 1218 537 1252 14,
553 1204 592 1242 &
609 1204 670 1241 lib.
686 1217 720 1256 3,
735 1216 771 1256 p.
791 1217 878 1254 295.
890 1203 1052 1250 Verbo,
1068 1205 1256 1256 σύμβαμα
1277 1208 1331 1247 est

71 1259 325 1311 praedicatum
343 1256 443 1296 casui
457 1257 562 1296 resto
578 1257 759 1303 additum,
774 1268 816 1295 ut
828 1257 864 1294 iu
879 1257 947 1295 hac
963 1257 1332 1312 propositioneffpiv-

72 1325 143 1359 φων
155 1311 365 1364 περιπατῶ.
382 1311 452 1350 Sed
468 1311 762 1362 παρασύμβαμα
778 1311 1033 1362 praedicatum
1051 1312 1151 1352 casui
1171 1314 1333 1366 obliquo

73 1365 260 1413 additum,
282 1377 323 1404 ut
338 1365 374 1403 in
391 1366 704 1414 hacmeuquexea
716 1363 916 1413 Σωκράτει.
933 1365 1008 1403 Hic
1020 1364 1134 1416 igitur
1147 1367 1335 1417 σύμβαμα

77 1421 319 1472 congruitatem
333 1430 452 1465 notat,
466 1419 666 1471 quomodo
681 1418 795 1457 vertit
809 1417 849 1456 &
861 1418 931 1456 iam
944 1417 1150 1458 Priscianus
1162 1421 1203 1459 L.
1222 1435 1283 1473 13,
1296 1435 1332 1474 p.

79 1486 96 1512 1
108 1487 121 1511 1
135 1472 179 1511 18
192 1503 203 1519 ‚
217 1473 262 1512 de
275 1473 405 1512 eadem
421 1485 460 1511 re
480 1485 610 1524 agens:
630 1469 925 1523 παρασύμβαμα
945 1483 1092 1519 autem,
1108 1487 1194 1512 cum
1218 1475 1266 1512 ab
1290 1488 1335 1514 ea

75 1527 308 1579 aliquantum
323 1527 519 1566 receditur.
536 1526 683 1564 Verum
699 1525 891 1563 Lucianus
906 1525 950 1563 a'fl
965 1525 1127 1565 verbum
1145 1527 1335 1577 σύμβαμα

74 1592 193 1619 vocat
205 1582 371 1628 accidens,
388 1581 427 1620 δι
441 1578 739 1631 παρασύμβαμα
753 1593 877 1616 novum
889 1581 1041 1618 accidens
1054 1610 1065 1627 ‚
1082 1581 1186 1631 quod
1208 1581 1337 1633 super-

75 1635 185 1673 venit
207 1634 259 1673 illi
279 1634 399 1673 veteri
415 1646 460 1672 ac
481 1634 623 1686 priori,
645 1633 757 1684 idque
777 1632 935 1671 ridiculo
957 1634 1137 1685 exemplo
1163 1635 1338 1674 declarat.

76 1686 203 1727 Potest
225 1687 302 1740 ipsa
321 1687 545 1739 ambiguitas
566 1686 706 1725 Latinis
726 1685 1041 1738 appeilationibus
1055 1688 1121 1726 vix
1142 1701 1185 1727 ac
1205 1701 1254 1728 ne
1273 1689 1340 1728 vix

78 1742 232 1794 quidem
252 1742 449 1794 explicari,
467 1740 570 1793 quod
593 1740 804 1790 συμβαίνειν
818 1751 899 1778 tum
916 1756 986 1778 una
998 1741 1043 1779 ire
1055 1770 1068 1786 ‚
1087 1755 1276 1793 congruere,
1293 1742 1341 1781 si-

80 1794 255 1848 gnificat,
272 1805 354 1834 tum
369 1795 512 1834 accidere
527 1794 567 1833 ὅ(
584 1796 778 1846 contingere.
792 1793 920 1833 GESN.

133 1852 209 1888 ead.
225 1849 248 1888 l.
259 1863 296 1897 4.
309 1848 385 1888 Τῶν
397 1849 521 1899 λόγων
537 1847 783 1899 πλεκτάνας)
804 1846 867 1886 De
888 1847 1024 1899 quibus
1040 1846 1152 1900 supra
1167 1848 1340 1889 diximus.

81 1902 228 1942 Habuit
243 1902 484 1955 Chrysippus
498 1902 636 1940 multas
649 1901 1022 1954 argumentationum
1037 1900 1176 1953 species
1186 1934 1196 1950 ‚
1215 1914 1257 1941 ut
1271 1903 1343 1942 So-

81 1957 216 2004 ritem,
241 1956 515 2003 Mentientem,
538 1955 817 1995 Crocodilitem
837 1984 848 2002 ‚
869 1953 1106 2001 cornutam,
1132 1956 1316 1995 Ele6tram
1330 1985 1342 2005 ‚

80 2009 267 2062 Ignavam
280 2041 290 2058 ,
305 2009 514 2056 Achillem,
529 2009 754 2054 Met-entem,
767 2007 1061 2054 Dominantem,
1075 2009 1289 2058 Neminem,
1302 2010 1343 2049 &

83 2064 196 2111 alias,
214 2076 309 2116 quas
330 2063 393 2102 vel
412 2062 488 2115 ipse
510 2062 731 2102 Aristoteies
755 2061 939 2114 nusquam
967 2063 1111 2114 attigit:
1139 2064 1184 2101 de
1205 2064 1345 2116 quibus

85 2117 211 2157 Laert.
224 2119 260 2155 in
275 2119 365 2156 Zeu.
378 2116 469 2156 Fab.
481 2129 561 2169 cap.
579 2130 645 2163 10,
658 2116 720 2155 lib.
736 2115 958 2155 1.Themist.
972 2115 1083 2155 Orat.
1099 2130 1158 2165 14.
1169 2117 1252 2169 Ipse
1268 2118 1345 2157 hoc

87 2169 380 2210 Dial.BOUR1).
841 2192 848 2198 =

140 2227 212 2263 ead.
226 2226 248 2262 l.
264 2238 278 2262 1
293 2238 324 2262 1.
339 2223 598 2276 Kpoxbsetmc)
620 2223 720 2263 Hinc
743 2222 1014 2275 κροκοὲειλιτῖτς
1032 2222 1150 2275 λόγος
1165 2223 1347 2276 Aphtho-

87 2278 167 2318 nio.
188 2279 433 2317 crocodilinam
456 2289 574 2318 vocat
588 2277 757 2330 Quintil.
779 2277 819 2323 Ι,
835 2290 892 2315 ιο.
910 2289 980 2315 nos
996 2276 1106 2329 supra
1125 2277 1288 2317 diximus
1302 2277 1347 2316 ad

87 2344 126 2371 v.
143 2338 189 2370 Δ.
205 2337 230 2370 Ι.
245 2332 402 2371 SOLAN.

142 2386 178 2424 in
191 2387 306 2424 Schol.
325 2387 386 2424 col.
404 2399 435 2423 1.
448 2385 470 2423 l.
486 2386 522 2424 6.
541 2384 598 2424 Μὴ
615 2382 742 2438 ῥῆμα)
756 2383 953 2436 Corrupta
970 2384 1074 2423 haec.
1091 2384 1164 2423 Pro
1181 2381 1248 2423 τοῦ
1266 2384 1350 2437 lege

90 2437 141 2489 τῇ
156 2450 224 2478 mx.
241 2453 311 2477 πτ.
326 2439 482 2478 SOLAN.

144 2494 232 2545 Pag.
242 2493 326 2531 106.
344 2493 369 2532 l.
382 2492 418 2531 8.
437 2491 646 2545 Θερίζοντα)
662 2489 906 2544 Sophismatis
918 2491 1029 2530 huius
1043 2491 1298 2531 meminerunt
1313 2491 1353 2530 &

84 2545 150 2585 alii
169 2547 313 2600 antiqui
333 2545 546 2600 scriptores.
576 2546 705 2586 Nemo
736 2555 864 2585 autem
880 2575 893 2591 ,
916 2546 1029 2636 quo}
1041 2545 1196 2596 quidem
1217 2544 1353 2593 sciam,

1043 2598 1064 2637 f
1087 2612 1109 2636 2
