2015 3490
311 266 415 312 IN
479 254 1138 314 APoLootAM
1271 288 1359 335 579

99 365 172 406 ¹75
187 352 252 407 C.)
269 352 338 393 Ms.
359 354 430 392 W.
451 353 490 392 &
504 352 543 392 Ρ.
556 353 667 391 etiam
685 352 744 391 hic
765 355 1049 406 Σκυλλαραβίην
1065 355 1216 394 habent.
1232 357 1272 395 L.
1293 371 1360 397 au-

95 419 173 447 tem
189 409 362 447 Σκύλλαν
374 407 533 459 ῥαβιείην
555 407 596 445 &
618 408 922 457 Σκυλλαραβειιν.
944 408 1133 461 Interpres
1156 410 1361 451 Pausaniae

97 459 216 500 Rom.
230 460 440 500 Amasaeus
456 460 655 513 Cyllarabin
667 460 794 498 scribit
810 474 844 512 p.
860 475 908 499 m.
924 475 1010 510 244.
1030 462 1073 500 In
1086 463 1237 503 Graeco
1250 475 1360 505 textu

96 515 156 554 ed.
176 516 320 554 Woehel.
335 514 479 566 semper
497 513 708 564 Κυλάραβος
723 514 840 552 unico
862 526 898 552 λ.
913 514 1094 560 scribitur.
1111 517 1267 556 SOLAN.
1282 524 1360 557 Κοι-

98 567 164 607 λὴν
175 568 364 620 Ἀραβίην)
380 567 536 606 Retinui
556 568 592 605 in
613 567 791 605 versione
805 567 1009 607 lectionem
1028 570 1203 609 omnium
1216 602 1228 616 ‚
1242 586 1361 623 quan-

98 632 181 660 tum
193 621 339 660 constat
350 652 361 669 ,
376 622 563 660 librorum
577 637 583 660 :
597 620 686 659 licet
702 621 869 659 indicare
890 634 970 660 non
986 622 1116 674 poffim
1131 640 1249 663 cavam
1266 629 1363 665 Ara·

101 675 206 720 biam,
220 675 282 714 vel
299 675 431 713 melius
447 675 587 726 aliquid
605 675 825 725 excogitare
842 674 1061 714 Graeviana
1074 679 1339 718 emendatione
1352 709 1362 726 ‚

33 760 36 764 Α
100 741 199 780 quae
212 728 296 768 inde
309 741 467 781 quoque
479 727 619 780 aliquid
632 728 905 779 probabilitatis
920 730 1065 781 accipit.
1078 732 1181 782 quod
1195 733 1277 783 'Ap-1
1283 734 1362 777 βίην

99 781 233 834 legunt
252 795 407 829 omnes,
430 794 509 821 non
534 782 707 832 Ἀρειβιοιν
723 809 733 826 ,
756 783 957 832 quomodo
980 782 1188 836 scripturus
1211 787 1362 826 videtur

98 833 207 875 fuiffe
222 836 434 881 Lucianus‚
448 834 475 873 fi
489 835 672 874 Arabiam
689 834 876 874 voluiffet.
893 834 1018 875 Gsssm.

110 884 114 887 ’
153 889 233 927 ibid.
247 889 428 941 Ἀραβίην)
443 888 560 940 Quae
574 886 783 940 longissime
800 889 912 941 Argis
924 889 1039 928 distat,
1055 890 1195 931 Bnon.

153 945 227 982 ead.
244 943 268 981 l.
283 946 317 981 8.
329 943 416 982 ‘Tor'
428 942 606 994 ἀπορίας)
628 942 734 980 Leve
747 941 820 988 est,
837 943 941 994 quod
957 956 1028 995 pro
1046 945 1218 984 variante
1234 944 1364 986 {efflo-

101 1008 151 1035 ne
162 1008 210 1035 ex
225 994 295 1034 Ms.
305 998 376 1035 W.
393 996 530 1035 notavi
551 992 626 1034 ὐπῖι
643 995 800 1045 ἀπορίας
817 996 900 1047 legi.
913 995 1064 1036 Interim
1078 999 1222 1038 tirones
1236 1000 1364 1039 obser-

103 1047 215 1098 vent,
238 1048 513 1102 apostrophum
537 1050 575 1087 in
594 1049 937 1101 praepositionibus
959 1049 1071 1103 saepe
1091 1051 1132 1090 δι
1152 1055 1252 1104 apud
1271 1055 1365 1094 alios

32 1153 38 1159 ¹
100 1103 322 1156 negligi.lta
339 1104 439 1156 apud
458 1103 579 1142 Dion.
591 1103 715 1142 Halic.
736 1103 776 1140 L.
797 1103 853 1147 Χ,
870 1117 905 1155 p.
924 1117 972 1148 m.
987 1104 1061 1157 638
1077 1118 1125 1143 m.
1141 1101 1212 1145 ὑπὸ
1231 1107 1364 1159 &vaphs-

104 1158 312 1211 ἀγνώστου.
325 1156 472 1210 Ioseph.
485 1157 616 1209 Antiq.
633 1155 662 1204 l,
681 1170 716 1208 3,
732 1171 768 1208 3,
782 1157 858 1194 ἀπὸ
874 1156 1052 1205 Ἀἓόιμοω
1067 1159 1188 1197 Strab.
1207 1161 1364 1211 LVIII,

104 1224 142 1264 p.
158 1224 230 1264 559
242 1242 254 1259 ,
268 1210 334 1264 (al.
349 1210 456 1263 364.)
470 1212 576 1248 κατὰ
591 1207 794 1250 ἁποκοπήν.
808 1210 950 1249 Ael.V.
966 1211 1014 1249 H.
1033 1211 1068 1258 Ι,
1083 1226 1143 1262 30,
1163 1214 1224 1251 ἐπὶ
1242 1213 1364 1262 'errorqu-

69 1281 74 1289 ¹
103 1263 164 1316 sed
177 1277 264 1304 cum
285 1263 476 1315 suspectus
490 1263 534 1302 fit
557 1264 620 1302 ille
635 1264 760 1309 locus,
777 1263 817 1301 &
837 1264 890 1311 ἐφ’
907 1262 1035 1303 ἳππων
1053 1266 1253 1326 legendum
1271 1269 1364 1307 velit

104 1317 221 1357 Periz.
235 1331 322 1358 ecce
335 1317 464 1356 fimilia
474 1331 521 1357 ex
534 1318 684 1363 eodem,
698 1317 875 1356 nimirum
888 1317 942 1370 I,3
955 1331 986 1364 1,
1000 1316 1072 1357 ὑπὸ
1086 1321 1256 1361 emo-70²2.
1268 1321 1309 1360 L.
1325 1336 1364 1370 2,

104 1384 140 1411 c.
154 1387 189 1424 3,
206 1370 278 1411 ὑπὸ
293 1368 490 1410 Ἀπελλοῦ.
504 1371 649 1424 Evang.
665 1371 801 1410 Matth.
813 1383 845 1410 c.
857 1371 924 1416 111,
940 1386 977 1424 3,
990 1368 1064 1410 ὑπὸ
1077 1372 1240 1412 Ἡσαΐου·
1255 1375 1296 1414 &
1307 1376 1362 1422 11,

111 1422 494 1477 ι7,ὑπὶ>’1ερεμίου·8ι
507 1424 561 1464 XI
574 1454 583 1471 ,
597 1439 638 1475 7,
653 1423 723 1463 ὑπὸ
736 1425 882 1473 ἀνέμου·
899 1427 939 1465 ὅ(
960 1424 1066 1476 saepe
1081 1426 1165 1465 alibi
1178 1429 1277 1480 apud
1293 1429 1364 1469 hos

106 1492 151 1519 ac
168 1477 350 1531 profanos
372 1477 586 1531 scriptores.
610 1479 664 1517 Ea
686 1490 812 1516 tamen
834 1491 912 1517 non
935 1478 1009 1518 effe
1025 1480 1120 1518 vitia
1144 1482 1228 1520 inde
1251 1495 1362 1529 orta,

103 1533 212 1585 quod
228 1531 526 1585 praepositiones
542 1545 608 1583 per
620 1532 885 1584 compendium
902 1531 1007 1571 scribi
1023 1532 1181 1579 soleant,
1198 1547 1300 1587 patet
1314 1549 1362 1575 ex

106 1587 249 1640 po'e'tis,
268 1588 334 1639 qui
354 1586 612 1639 apostrophos
631 1584 948 1638 saepiusquidem
966 1587 1128 1634 addunt,
1151 1588 1253 1627 haud
1273 1603 1362 1629 raro

108 1653 234 1679 tamen
247 1641 454 1686 omittunt,
472 1651 514 1679 ut
528 1640 647 1678 Hom.
660 1639 760 1678 Iliad.
774 1643 821 1685 Z,
838 1652 897 1689 15,
915 1661 959 1668 —
975 1640 1048 1687 ὁὸᾦ
1060 1639 1122 1679 ἔστι
1138 1641 1234 1680 οἰκίαι
1249 1644 1363 1683 ναίων.

107 1693 202 1733 lbid.
219 1695 280 1746 56,
295 1717 339 1723 —
358 1694 565 1734 ’πεποίηται
583 1695 689 1732 κατὰ
707 1690 812 1732 οἶκον.
827 1692 874 1731 Et
894 1694 966 1740 62,
983 1716 1027 1722 —
1049 1695 1127 1733 ἀπὸ
1148 1691 1217 1733 ἕθεν
1236 1696 1363 1735 ὤσατο

108 1749 216 1801 χειρί.
233 1748 380 1786 REITZ.

161 1805 236 1840 ead.
251 1803 275 1840 l.
295 1814 310 1839 1
320 1815 353 1839 2.
367 1801 542 1850 Δημοσίᾳ
573 1800 820 1853 Εεηιρηῦἶὶεαιη
833 1813 936 1850 gerere
947 1799 1120 1840 censendi
1136 1800 1237 1848 sunt,
1254 1814 1365 1855 quot-

105 1867 205 1908 quot
218 1867 375 1895 munere
387 1855 518 1907 aliquo
551 1865 747 1906 unguntur
762 1853 912 1906 publice
926 1854 968 1892 iis
981 1855 1070 1894 dato
1080 1886 1092 1902 ‚
1106 1857 1282 1908 quamvis
1297 1856 1363 1896 sub

107 1909 205 1948 alius
219 1909 380 1962 imperio
393 1907 464 1947 smt
473 1937 485 1955 ,
499 1919 542 1946 ut
553 1907 771 1960 quaestores
783 1908 857 1945 διε.
873 1907 1030 1946 SOLAN.

162 1963 198 2001 in
206 1962 320 2002 Sclzol.
333 1963 396 2001 col.
413 1976 425 1999 1
434 1991 443 2000 .
454 1963 478 2001 l.
493 1976 526 2014 3.
538 1960 790 2013 Στησίχορος)
801 1960 900 2001 Coll.
913 1962 1161 2012 interponunt
1177 1962 1238 2002 hic
1250 1964 1363 2002 aliam

109 2029 248 2057 vocem
263 2017 550 2062 εἰληβεβηκυίαν,
564 2028 678 2067 quam
691 2025 914 2068 corruptam
928 2013 999 2054 effe
1015 2026 1128 2068 patet.
1143 2017 1300 2056 SOLAN.

163 2071 244 2109 ibid.
260 2072 282 2108 l.
298 2084 334 2122 9.
352 2068 504 2122 Κρητῆς)
518 2069 658 2122 Κρῆτας
671 2069 717 2109 C.
729 2081 821 2108 mox
834 2081 904 2121 pro
914 2067 1062 2121 ἔφυγον,
1073 2069 1227 2122 φεύγειν
1239 2070 1366 2123 legen-

110 2118 212 2163 dum.
227 2124 384 2163 SOLAN.

164 2178 244 2216 ibid.
257 2179 320 2217 col.
339 2191 372 2215 2.
387 2177 409 2215 l.
425 2191 458 2229 3.
472 2176 645 2229 sppezipm)
661 2177 792 2216 Voces
813 2176 1017 2229 aliquoties
1035 2176 1214 2228 repetitae
1234 2177 1367 2216 variis-

111 2244 188 2284 que
200 2233 322 2270 modis
335 2229 546 2283 expositae,
558 2230 773 2278 ostendunt,
788 2230 878 2269 haec
891 2229 964 2269 effe
978 2229 1210 2269 collectanea
1225 2243 1272 2269 ex
1290 2231 1367 2282 plu-

112 2285 215 2324 ribus
228 2284 450 2326 auctoribus
471 2295 655 2337 excerpta
667 2315 679 2333 ‚
698 2284 796 2324 vela
817 2284 988 2337 pluribus
1005 2283 1097 2323 haec
1110 2283 1260 2323 Scholia
1284 2284 1367 2324 scri-

115 2350 179 2392 pta
193 2338 310 2377 fuisse.
329 2338 455 2377 CLER.

166 2393 257 2445 Pag.
274 2392 361 2431 280.
374 2392 399 2431 l.
414 2405 448 2444 3.
464 2390 533 2431 Δὶς
546 2390 616 2430 ἓιὲι
630 2390 782 2443 πασῶν)
802 2389 940 2429 Erasm.
956 2390 992 2428 in
1005 2403 1114 2443 prov.
1131 2390 1270 2429 BROD.
1286 2391 1367 2430 Ho-

114 2445 197 2494 die,
210 2446 334 2499 duplex
352 2450 490 2491 oflava,
509 2445 589 2485 five
608 2446 732 2484 decima
753 2445 894 2497 quinta,·
915 2457 999 2482 nam
1017 2443 1084 2483 Σιὲι
1102 2445 1233 2482 πασῶν
1248 2447 1366 2483 offam

114 2499 188 2546 est,
202 2498 496 2539 consonantium
515 2497 783 2552 perfectissima.
799 2499 888 2538 Vid.
910 2496 1116 2537 Ptolemaei
1131 2498 1366 2537 Harmonica

115 2552 154 2602 I,
173 2566 207 2606 5,
219 2553 261 2592 &
275 2553 336 2602 ΙΙ,
356 2568 392 2602 4.
407 2553 554 2598 REsz,
999 2603 1037 2643 O

1051 2617 1075 2643 ο
1106 2619 1125 2642 2
