2015 3490
648 293 739 343 500
837 271 1719 324 ANNOTATIONES

641 368 694 407 Ἐν
717 365 769 416 τῷ
796 364 1029 417 τροπωτηρίῳ
1053 363 1308 413 ἐμβάλλεται.
1336 362 1400 402 Est
1424 373 1556 403 autem
1584 364 1778 416 τροπωτῆς
1801 365 1916 420 λᾶῗρος

643 421 694 461 εἰς
708 420 744 459 ὃν
761 420 825 458 τὴν
840 419 966 459 κώπην
981 417 1251 470 ἐμβάλλουσιν·
1275 418 1398 470 tangit
1410 417 1582 468 Hesych.
1595 419 1706 458 verb.
1717 421 1918 472 τροπώοα-

642 478 748 513 cam.
765 474 859 512 BOU
866 483 940 511 RD.

698 528 778 566 ibid.
786 523 894 565 Ὅσον
910 524 970 565 ἐπ’
984 524 1084 578 ἐμοὶ)
1109 526 1217 575 Quod
1224 527 1273 563 ad
1288 540 1338 563 me
1348 524 1480 563 attinet.
1501 524 1643 564 BROD.
1921 551 1926 556 ·

697 581 732 619 in
745 581 862 619 Schol.
877 581 940 618 col.
954 593 966 617 1
976 609 985 617 .
999 581 1022 617 l.
1039 593 1098 630 13.
1111 577 1316 631 Βραύρωνα)
1333 578 1520 630 Βραβρωνα
1533 578 1750 630 legebatur,
1770 580 1810 620 &
1820 593 1916 620 mox

647 635 786 673 iterum
798 632 1036 685 Βραβρωνίοις.
1052 632 1123 671 Sed
1134 630 1236 670 reete
1250 632 1418 671 correxit
1429 631 1591 671 Solanus
1600 646 1612 680 3
1622 633 1697 672 vid.
1712 632 1835 673 Strab.
1845 635 1918 684 IX,

644 702 680 741 p.
696 689 741 727 61
756 701 790 733 1,
808 687 872 726 vel
887 701 978 739 399,
993 686 1033 724 &
1047 698 1145 738 quae
1160 697 1256 723 mox
1276 696 1466 724 notamus.
1486 685 1634 725 RElrz.

698 742 778 780 ibid.
793 742 815 779 l.
835 755 893 788 14.
906 737 1183 791 Ἀρκτεὺονται)
1205 738 1413 790 Quaenam
1427 752 1510 778 vox
1526 738 1595 777 sub
1607 740 1679 778 hac
1693 738 1831 788 lateat,
1848 753 1918 782 ne-

643 794 721 835 scio
734 825 745 841 ‚
761 794 822 833 sed
837 795 884 832 ad
898 793 1098 845 παρθένους
1111 805 1195 831 eam
1211 790 1343 831 referri
1360 794 1491 838 decet,
1506 791 1635 831 forsan
1648 792 1920 845 ἱερατεὺουο-αι.

644 850 807 888 SOLAN.
822 849 1022 899 Ἀρκτευειν
1038 847 1136 886 idem
1151 845 1238 894 effe,
1253 846 1359 898 quod
1371 845 1604 892 δεκατεύειν,
1615 847 1728 886 docet
1742 847 1917 900 Hesych.

644 904 745 942 Nam
762 900 964 951 αρκτεῦσαι
978 901 1204 939 dicebantur
1218 900 1386 951 virgines
1398 910 1485 939 ante
1503 901 1652 953 nuptias
1666 899 1767 940 sacra
1778 899 1919 942 facien-

643 968 701 996 tes
721 956 871 995 Dianae
886 955 1121 999 Brauronia,
1146 953 1186 991 &
1200 954 1351 1006 quidem
1378 967 1400 992 a
1421 954 1559 1006 quinto
1579 954 1625 993 ad
1642 954 1830 994 decimum
1850 969 1920 995 an-

645 1024 738 1049 num
750 1041 763 1056 ,
775 1010 822 1048 ab
835 1022 885 1048 eo
901 1021 1067 1047 numero
1081 1007 1299 1046 ἒεκατεέιειν
1310 1006 1472 1056 di&um;
1488 1008 1537 1046 ab
1547 1008 1682 1059 ἄρκτος
1694 1008 1776 1059 ursa
1786 1021 1917 1049 autem

646 1063 850 1116 αρκτεὺειν,
862 1062 969 1115 quod
982 1061 1106 1101 ursam
1118 1061 1310 1113 quandam
1321 1060 1614 1101 mansuefa&am
1632 1061 1774 1114 sagittis
1785 1063 1922 1103 confo-

646 1118 769 1157 derint
780 1116 913 1156 fratres
929 1116 1086 1168 virginis
1097 1113 1288 1154 cuiusdam
1301 1130 1313 1163 ;
1324 1116 1414 1167 quia
1429 1115 1489 1154 illa
1498 1116 1689 1168 virginem
1705 1129 1792 1156 cum
1807 1130 1851 1156 ea
1862 1118 1921 1157 lu-

645 1173 797 1211 dentem
813 1167 1055 1209 interfecerat
1070 1171 1147 1208 &c.
1179 1169 1272 1209 Vid.
1286 1169 1437 1209 Suidam
1450 1183 1490 1209 v.
1515 1169 1667 1220 ἄρκτος,
1684 1170 1751 1210 ubi
1776 1171 1845 1210 ait:
1865 1171 1920 1212 Ἐν

646 1226 867 1278 βραυρωνιοις
882 1223 1167 1275 ἁρκτευούμεναι
1181 1223 1362 1275 ’γυναῖκες
1375 1222 1421 1272 τξῐ
1433 1223 1621 1274 Ἀρτέμιδι
1638 1222 1755 1276 ἑορτὴν
1770 1223 1922 1266 ’ἐτέλουν

651 1302 697 1309 -
712 1292 755 1319 ac
770 1278 902 1318 deinde
917 1290 926 1316 :
949 1278 1016 1315 Καὶ
1030 1276 1264 1327 ἐψηφίσαντο
1284 1276 1312 1315 οἱ
1325 1276 1514 1323 Ἀθηναῖοι,
1523 1277 1577 1326 μὴ
1591 1278 1762 1331 πρότερον
1772 1280 1922 1319 συνοικί-

647 1333 787 1384 ζεσθαι
801 1331 908 1383 &vehsa
918 1331 1110 1381 παρθένον,
1127 1331 1155 1368 εὶ
1167 1330 1220 1380 μὴ
1237 1330 1453 1382 ἀρκτεὺσειε
1464 1330 1601 1380 τῇῧεῷ.
1613 1329 1843 1383 Ἀρκτεῦσαι.
1855 1337 1923 1372 Λυ-

646 1387 734 1426 σίας
750 1389 791 1426 τὸ
814 1383 1063 1436 καθιερωθῆναι
1085 1387 1154 1436 πρὸ
1170 1384 1312 1437 ’γάμων
1330 1386 1406 1424 τὰς
1422 1384 1616 1436 παρθένους
1636 1384 1684 1436 τῇ
1705 1385 1921 1437 Ἀρτέμιέι,

649 1441 839 1492 ἁρκτεύειν
854 1438 995 1492 ἔλεγον.
1015 1437 1082 1477 καὶ
1094 1440 1173 1491 ’γᾶς
1185 1437 1224 1477 αἱ
1237 1437 1506 1491 αρκτευὸμεναι
1521 1438 1689 1490 παρθένοι
1703 1439 1923 1482 καλοῦνται.

648 1495 696 1534 Et
708 1495 798 1534 licet
815 1493 1011 1544 Didymus
1024 1492 1315 1532 Grammaticus
1327 1492 1499 1540 testetur,
1513 1492 1668 1544 Lysiam
1685 1493 1725 1532 in
1740 1495 1923 1535 oratione

648 1550 695 1588 de
708 1547 919 1599 Phrynichi
939 1545 1039 1593 filia,
1063 1549 1108 1584 τ“ο
1120 1544 1356 1586 δεκατεῦσαι
1371 1545 1499 1585 dixisse
1514 1547 1668 1599 quidem
1690 1547 1924 1599 αρκτεῦσαι;

647 1602 709 1641 sed
733 1600 968 1641 samsom
990 1601 1147 1652 proprie
1162 1600 1237 1640 dici
1261 1600 1455 1652 καθιεροῦν,
1470 1601 1783 1654 quandoquidem
1797 1601 1924 1642 Grae·

647 1669 785 1696 corum
803 1667 889 1694 mos
902 1653 1016 1694 fuerit
1032 1655 1199 1693 decimas
1212 1664 1476 1706 proventuum
1496 1654 1584 1693 Diis
1602 1654 1845 1704 consecrare3
1866 1667 1924 1695 ta..

649 1723 738 1749 men
752 1709 1040 1761 Harpocration
1052 1722 1090 1747 v.
1104 1706 1331 1748 Δεκατεὺειν
1343 1708 1552 1748 arbitratur
1564 1709 1601 1748 id
1616 1709 1702 1748 inde
1716 1708 1856 1749 dietum
1874 1711 1922 1750 ab'

648 1774 820 1810 oratore,
840 1762 946 1814 quod
966 1762 1132 1813 virgines
1151 1762 1338 1801 decennes
1353 1761 1456 1803 sacra
1469 1761 1666 1802 faciebant.
1679 1762 1796 1803 Conf.
1808 1765 1921 1804 eund.

649 1818 772 1870 Harp.
786 1831 824 1856 v,
837 1813 1076 1867 Ἀρκτεῧο-αι,
1095 1815 1192 1855 idem
1206 1816 1313 1868 quod
1327 1815 1439 1869 supra
1452 1815 1651 1870 posuimus
1663 1848 1674 1865 ‚
1689 1817 1924 1858 confirman-

650 1882 727 1910 tem
740 1901 754 1917 ,
777 1870 957 1909 nimirum
967 1899 979 1916 ,
991 1870 1030 1908 in
1044 1868 1152 1909 ursae
1166 1868 1313 1910 occisae
1326 1872 1552 1910 memoriam
1569 1871 1834 1924 virginesante
1849 1885 1923 1912 nu·

648 1926 747 1977 ptias
755 1922 993 1971 consecrare,
1004 1924 1140 1963 vocari
1151 1921 1369 1975 αρκτεῦσαι.
1394 1924 1440 1964 Et
1452 1925 1596 1977 puellas
1605 1924 1846 1966 consecratas
1864 1927 1924 1979 ἐιρ-

648 1982 878 2027 κτευομενας
888 1979 928 2017 δι
941 1976 1099 2028 ἄρκτους
1110 1977 1236 2022 dietas.
1247 1977 1386 2017 Eadem
1400 1977 1478 2018 fere
1489 1979 1602 2018 habet
1616 1979 1792 2019 Lexicon
1806 1989 1923 2021 vetus

647 2033 927 2072 Coislinianum
939 2062 951 2080 ‚
975 2030 1070 2083 (vid.
1087 2031 1349 2071 Montfaucon
1364 2032 1462 2071 Bibl.
1474 2032 1634 2072 Coislin.
1655 2047 1690 2086 p.
1706 2033 1817 2087 607.)
1839 2034 1924 2074 Nifi.

647 2087 757 2137 quod
772 2086 910 2125 clarius
929 2086 1083 2131 indicet,
1104 2084 1309 2136 ἀρκτεῦσαι
1324 2086 1409 2126 inde
1421 2087 1563 2127 dietum
1575 2118 1587 2135 ‚
1599 2087 1705 2139 quod
1718 2089 1921 2129 oraculum

649 2140 792 2180 iusserit
806 2140 971 2179 Dianam
986 2139 1156 2193 placare,
1169 2139 1209 2179 &
1223 2139 1388 2192 puellam
1400 2139 1510 2180 ursae
1523 2140 1723 2180 immolare
1730 2155 1742 2189 3
1762 2143 1825 2182 cui
1836 2143 1922 2196 qui·

647 2196 732 2234 <lam
755 2194 973 2234 satisfecerit
994 2206 1147 2247 capram
1171 2193 1429 2241 immolando,
1450 2207 1565 2247 quam
1579 2196 1694 2247 filiam
1711 2196 1922 2249 appellarit.

648 2242 829 2301 Eumque
841 2249 956 2287 ritum
967 2249 1177 2300 quotannis
1189 2259 1432 2287 renovatum.
1447 2248 1572 2301 (Tum
1585 2262 1746 2302 quoque
1760 2263 1832 2302 pro
1850 2256 1921 2288 Λυ-

648 2318 736 2341 σιας
748 2326 792 2332 -
809 2301 955 2355 ἔλεγον,
967 2313 1010 2340 ut
1022 2301 1159 2341 vitiose
1178 2302 1214 2340 in
1228 2302 1363 2341 Suidae
1378 2303 1468 2342 edit.
1483 2304 1642 2356 antiqua
1655 2303 1805 2355 legitur,
1817 2305 1922 2345 τεᾶε

647 2357 760 2395 habet
776 2354 938 2408 ἔλεγεν.)
960 2356 1017 2394 Ex
1032 2356 1107 2395 hoc
1118 2356 1236 2409 igitur
1248 2356 1323 2395 ritu
1339 2357 1379 2395 δι
1392 2370 1439 2395 ex
1452 2356 1608 2396 historia
1623 2358 1668 2396 de
1682 2357 1920 2408 Tyrrhenis,

646 2411 713 2464 qui
728 2411 944 2449 Brizuronias
956 2410 1024 2449 has
1036 2411 1202 2461 virgines
1215 2421 1426 2461 rapuerunt
1436 2441 1447 2459 ‚
1463 2411 1646 2450 medicina
1661 2410 1751 2450 huic
1769 2410 1920 2452 scholio

647 2465 821 2517 petenda.
843 2463 1054 2504 Historiam
1068 2477 1195 2503 autem
1212 2465 1359 2515 attingit
1374 2464 1560 2504 Plutarch.
1574 2465 1620 2504 de
1634 2465 1766 2504 virtut.
1781 2466 1921 2506 mulie-

647 2532 749 2561 rum,
765 2532 800 2570 p.
815 2531 862 2555 m.
876 2532 950 2566 247
965 2517 1146 2557 scribens:
1161 2518 1340 2571 Τυῤῥηνῶν
1351 2523 1467 2557 τοίνυν
1480 2518 1551 2557 τῶν
1561 2518 1696 2569 Λῆμνον
1709 2519 1920 2572 καὶἼμβρον

646 2572 941 2627 κατατχόντων,
965 2570 1219 2625 ἁρπασάντων
1244 2571 1271 2613 ὃ
1274 2571 1288 2612 ὲ
1309 2573 1542 2625 Βραυρωνόθεν
1559 2574 1633 2613 τὰς
1645 2572 1831 2615 Ἀθηναίων
1845 2587 1919 2626 ‘yu-
