2015 3490
242 250 315 298 IN
347 251 435 298 DE
468 251 771 300 MERCEDE
806 244 1187 302 CONDUCTIS.
1263 271 1354 321 527

10 385 11 392 ἵ
83 337 270 395 proftrtur.
283 341 339 380 At
353 354 432 381 non
448 341 484 381 id
497 341 584 381 vult
604 342 795 382 Lucianus
809 373 819 390 ,
834 355 904 382 nec
922 342 1043 382 innuit
1060 345 1132 383 iam
1155 343 1361 398 superesse,

28 400 33 407 '
89 405 133 433 ut
155 392 293 434 referat
314 407 396 434 eam
420 394 569 435 causam
585 410 596 443 ;
621 395 680 435 sed
710 408 813 435 mere
833 397 1026 436 concludit
1037 427 1048 444 ‚
1071 399 1232 451 reliquum
1258 400 1362 452 igitur

9 495 11 498 .
90 447 209 500 (quia
224 449 493 501 praecedentes
508 459 728 501 praetextus
744 463 816 502 pro
828 451 937 489 vanis
955 451 1092 490 auctor
1113 453 1281 491 traduxit
1295 453 1311 505 )
1324 454 1362 492 ὃν

46 540 47 543 ,
90 502 288 553 verffmum
299 503 428 555 quidem
441 502 525 558 ,segi
534 503 665 542 minime
686 504 729 541 ab
751 504 819 541 illis
826 504 970 556 produci
980 505 1131 555 solitum.
1145 505 1188 544 In
1206 506 1359 559 Apolo-

87 555 154 608 gia
170 568 241 606 pro
254 568 303 596 eo
318 556 406 596 dicit
419 557 456 594 τί
468 552 525 596 οὖν
538 554 634 595 ἄλλο
645 586 657 603 ,
673 554 808 606 εἰμι’ντε
820 555 972 606 ταῦτα,
983 555 1080 608 μήτε
1099 558 1216 598 ἐκεῖνα
1232 563 1360 613 λέγειν

88 607 220 658 δοκεῖ,
235 605 436 649 ὑπόλοιπόν
456 610 554 649 ἐστιν
567 624 578 657 ·,
591 609 737 649 GRON.
760 610 820 649 Sic
831 611 1019 651 Arrianus
1033 613 1077 651 ad
1092 612 1210 666 Epidi.
1230 613 1282 652 Ill
1293 643 1305 662 ,
1322 627 1361 655 c.

89 675 132 716 7,
147 675 182 715 p.
200 663 275 702 260
286 663 330 702 B.
348 661 597 702 ὑπολείπεται
612 665 738 703 λοιπον
753 663 830 703 διε.
843 664 1001 703 SOLAN.

2 753 5 760 ,
144 718 216 755 ead.
229 716 252 755 l.
268 730 283 754 1
297 730 328 756 1.
341 713 711 770 Εὖὲαιμονίσαντας)
723 716 851 757 Antea
867 717 1064 770 legebatur
1074 715 1363 770 ssssoetpaoviicav-

3 802 5 823 Σ
43 804 62 818 ,
88 783 180 815 τας,
194 770 320 822 inepte
333 769 499 823 prorsus.
512 770 605 809 Vid.
621 783 686 810 c..1
698 784 729 809 1.
745 770 792 809 Et
803 772 939 810 Ἐνυπν.
953 785 985 812 c.
998 787 1038 821 7,
1052 779 1139 811 Δικ.
1154 786 1186 812 c.
1201 788 1233 825 3.
1247 775 1360 815 Hanc

89 823 391 863 emendationem
417 837 483 877 per
506 822 543 863 se
567 823 752 877 liquidam
770 823 897 864 firmat
915 827 969 866 V.
993 839 1023 865 1.
1047 825 1111 866 De
1135 822 1360 878 εὗὸαιμονέω

89 877 166 916 vid.
181 882 288 927 Γυμν.
303 891 335 918 c.
355 891 413 918 10.
425 877 581 917 SOLAN.

143 934 216 970 ead.
229 931 252 970 l.
269 931 328 971 16.
340 931 558 971 Πολυτελῶν
571 932 588 980 )
602 930 669 970 An
682 931 949 980 πολυτελειῶν;
963 933 1102 973 BROD.

144 984 236 1037 Pag.
251 999 339 1032 224.
353 985 377 1023 l.
395 999 426 1023 1.
437 979 630 1038 ’Ἐντεχνοι
644 986 708 1024 καὶ
722 985 911 1039 τρίβωνες)
926 988 1013 1027 Hoc
1027 988 1138 1027 habet
1153 1000 1202 1028 ex
1216 988 1361 1029 Aristo·

91 1037 205 1091 phan.
220 1037 390 1088 σημαίνει
404 1037 429 1077 J
433 1037 448 1076 ὲ
459 1052 526 1092 per
537 1038 746 1078 difflonem
758 1040 934 1092 τρίβωνες,
949 1040 1035 1081 τοὺς
1048 1041 1266 1094 ἐνγεγυμνα
1273 1047 1353 1097 σμέ-

91 1105 171 1132 vove
182 1091 252 1132 τινὶ
270 1092 494 1145 πράγματι.
511 1093 685 1133 BOURD.
700 1093 784 1132 MS.
795 1093 882 1132 Vat.
900 1109 912 1133 1
935 1094 1114 1148 ἄτεχνοι,
1138 1097 1244 1148 quod
1266 1098 1361 1136 ατε-

89 1159 166 1185 κνοι
182 1145 284 1185 haud
293 1146 408 1185 dubie
415 1145 490 1186 effe
503 1148 696 1199 oportuit,
711 1145 817 1187 sensu
825 1148 977 1194 eodem,
989 1161 1070 1201 quo
1085 1148 1196 1203 supra
1212 1149 1358 1203 saepius

90 1198 130 1238 in
142 1198 246 1239 Dial.
259 1210 374 1239 mort.
387 1200 555 1240 vidimus
564 1230 578 1246 ,
592 1212 635 1240 ut
648 1200 707 1240 VI
724 1200 797 1240 διε.
810 1200 967 1241 SOLAN.
977 1201 1022 1241 In
1033 1202 1136 1243 Dial.
1151 1215 1265 1244 mort.
1279 1206 1356 1254 VI,

90 1253 138 1292 ad
149 1266 264 1306 quem
278 1252 441 1293 Solanus
456 1254 613 1294 remittit
625 1286 636 1303 ‚
651 1258 671 1304 §
691 1268 727 1306 3,
738 1253 882 1294 ἄτεκνοι
900 1257 940 1296 &
954 1255 1106 1296 ἔντεκνοι
1121 1258 1273 1310 quidem
1288 1271 1361 1298 oc·

89 1307 225 1355 currit3
241 1306 302 1346 sed
319 1307 409 1360 quid
422 1308 497 1347 hoc
509 1309 556 1347 ad
570 1308 672 1348 hunc
690 1308 846 1348 locum?
862 1309 944 1349 Nec
961 1310 1062 1349 enim
1078 1311 1130 1349 ibi
1142 1313 1296 1351 varians
1307 1313 1359 1352 le-

90 1360 170 1400 ἑὶίο
184 1361 238 1401 est
248 1373 380 1400 notata
397 1362 474 1401 ulla
487 1393 498 1410 ‚
517 1375 587 1402 nec
600 1375 702 1414 opus
716 1361 785 1401 est:
801 1363 842 1402 δι
858 1363 943 1403 licet
955 1376 1001 1403 ex
1016 1363 1185 1404 MfiVat.
1198 1365 1360 1414 ἄτεκνοι,

91 1415 273 1455 coniicias
292 1415 396 1454 illum
410 1415 573 1456 voluiss'e
594 1417 752 1468 ἄτεχνοι
772 1415 881 1465 dare,
897 1430 1021 1470 neque
1032 1428 1160 1458 tamen
1175 1419 1249 1460 hoc
1263 1434 1359 1473 qua-

91 1469 198 1517 drat,
220 1481 311 1508 cum
335 1467 500 1523 ἔντεχνοί
521 1470 687 1522 probum
710 1468 778 1516 fit,
796 1469 836 1510 δι
858 1469 1027 1524 sequenti
1047 1473 1172 1512 verbo
1193 1474 1359 1525 τρίβωνες

90 1523 353 1569 conveniens,
377 1523 482 1576 quod
505 1524 694 1576 affuetum,
703 1524 846 1576 peritum
868 1524 1076 1577 fignificat,
1098 1538 1140 1565 ut
1159 1527 1358 1570 Scholiast.

90 1576 228 1616 innuit.
251 1575 445 1630 Aristoph.
465 1591 580 1629 quem
602 1578 691 1618 citat
711 1578 791 1624 ille,
805 1578 844 1616 in
858 1579 960 1618 Nub.
981 1579 1057 1629 867
1069 1610 1081 1628 ‚
1097 1579 1172 1619 868
1187 1612 1198 1629 ‚
1214 1594 1287 1633 pro
1300 1583 1359 1634 as-

83 1629 198 1683 ficeto,
210 1631 273 1670 vel
286 1645 360 1670 cum
371 1632 515 1685 molestia
525 1631 659 1684 eEcperto
673 1632 848 1670 adhibuit
858 1663 870 1679 ‚
882 1633 982 1672 unde
995 1645 1122 1672 tamen
1136 1647 1215 1674 non
1228 1634 1358 1688 seque-

91 1695 211 1732 retur,
228 1685 265 1723 id
285 1685 443 1724 callidum
464 1684 695 1739 significare,
713 1697 757 1725 ut
769 1685 898 1725 verfio
917 1686 1079 1726 Parisina
1098 1687 1230 1736 habet;
1246 1689 1360 1731 ineffe

90 1748 221 1778 tamen
238 1751 322 1778 eam
337 1739 415 1778 vim
431 1740 550 1785 voci,
565 1740 678 1779 etiam
698 1752 747 1779 ex
761 1739 980 1792 compofito
1001 1740 1219 1793 ἐπίτριπτος
1233 1754 1335 1795 patet
1347 1775 1360 1794 ‚

91 1792 139 1831 de
153 1806 233 1846 quo
249 1793 324 1831 vid.
346 1792 488 1845 Spanh.
505 1793 550 1833 ad
571 1793 767 1847 Aristoph·.
786 1792 882 1832 Plut,
899 1808 990 1847 275,
1004 1793 1067 1834 (Ως
1082 1798 1212 1846 σεμνὸς
1235 1796 1250 1835 ὃ
1277 1794 1361 1837 ὀπί-

91 1846 489 1899 7p17r⁷o5;quamfirio
511 1848 610 1886 vultu
627 1850 708 1887 haec
727 1847 809 1886 dicit
819 1861 992 1887 veterator.
1011 1848 1145 1902 ibique
1168 1862 1216 1888 ex
1238 1849 1358 1903 Soph.

91 1898 157 1939 Ai.
176 1913 272 1948 104,
287 1901 504 1952 ἐπίτριπτον
519 1901 688 1948 κίναέος,
705 1901 842 1949 callida,
847 1901 996 1955 scelesta,
1008 1903 1189 1959 vglpecula
1198 1919 1215 1951 ,-
1229 1917 1359 1958 eoque

93 1963 204 2006 putat
215 1952 413 2007 respexiffe
430 1953 656 1996 Andociden
670 1954 780 1994 Orat.
795 1955 814 1994 Ι
826 1985 840 2001 ,
855 1970 891 2008 p.
909 1970 982 1995 222
993 1986 1003 2002 ‚
1022 1959 1048 1994 ὢ
1065 1958 1280 2005 συκοφάντα
1295 1959 1362 1998 καὶ

93 2007 310 2059 ἐπίτριπτον
326 2007 485 2049 κίναδος.
503 2008 695 2049 Girardus
710 2008 976 2062 Aristophanis
987 2009 1105 2049 verba
1120 2011 1234 2049 vertit
1244 2041 1254 2057 ‚
1270 2028 1360 2052 com-

95 2062 293 2101 minuendus
304 2061 345 2101 &
380 2064 554 2110 erdendus,
570 2063 633 2103 vel
646 2063 756 2102 nimis
769 2065 925 2116 proprie
939 2065 983 2103 ad
997 2064 1161 2103 verbum
1175 2066 1285 2117 τρίβω
1300 2079 1363 2106 re-

91 2114 273 2168 spiciens,
296 2077 470 2168 vesquia
494 2117 531 2155 in
553 2118 690 2157 eodem
708 2116 824 2156 versu
838 2117 1104 2171 Aristophanis
1122 2117 1292 2171 sequitur
1314 2121 1361 2161 de

92 2181 236 2238 poena,
248 2182 325 2222 qua
337 2169 473 2223 dignus
483 2169 589 2217 effer,
601 2170 844 2218 nimirumffl
854 2170 987 2223 κνῆμαι
1000 2171 1048 2210 ὃέ
1060 2186 1125 2211 σου
1137 2172 1268 2217 βοῶσιν
1280 2173 1360 2222 Ἰοὺ,

103 2221 173 2271 Ιοὺ,
188 2224 261 2263 τὰς
272 2223 461 2276 χοίνικας,
472 2224 535 2264 καὶ
549 2226 623 2264 τὰς
638 2224 765 2265 πέδας
781 2224 972 2265 ποθοῦσαι.
991 2225 1063 2265 Sed
1076 2226 1135 2265 alii
1150 2226 1363 2280 interprett.

93 2275 235 2316 rectius
248 2276 479 2330 ἑπίτριπτος,
492 2277 599 2331 quasi
613 2279 735 2318 multo
748 2277 818 2319 usu
832 2280 944 2329 tritus,
957 2280 1109 2319 callidus.
1126 2277 1164 2318 Si
1179 2280 1252 2319 iam
1261 2281 1362 2331 scele-

85 2331 184 2383 stus,
203 2342 386 2380 veterator,
407 2330 495 2371 alibi
512 2344 664 2372 vertere
682 2332 813 2379 voles,
838 2333 937 2374 licet.
959 2333 1015 2372 Ita
1033 2332 1173 2373 Noster
1195 2335 1235 2372 in
1255 2334 1359 2376 Dial.

95 2394 211 2423 mort.
227 2385 269 2423 &
282 2384 371 2424 Iov.
386 2386 556 2437 tragoed.
569 2386 801 2438 περίτριμμα
814 2386 943 2436 δικῶν,
956 2389 1077 2426 rabula
1088 2388 1212 2435 litium,
1227 2388 1266 2428 ὃ(
1279 2388 1359 2429 De-

94 2437 230 2478 mosth.
250 2438 296 2478 de
312 2438 404 2478 Cor.
428 2452 512 2492 pag.
528 2440 625 2486 160,
646 2441 882 2492 περίτριμμα
904 2439 1065 2494 ἀγοραῖς,
1087 2453 1245 2481 notante
1265 2443 1355 2482 ibid.

93 2490 234 2543 Spanh.
245 2492 335 2531 Vid.
348 2493 486 2533 iterum
500 2492 694 2546 Aristoph.
708 2494 814 2533 Nub.
829 2497 907 2545 446
918 2526 932 2542 ‚
947 2496 1012 2536 ubi
1026 2494 1177 2537 Kuster.
1192 2496 1269 2536 duo
1289 2496 1360 2537 alia

93 2555 144 2586 ex
157 2545 294 2593 eodem
309 2545 524 2588 testimonia
535 2546 655 2589 affert.
672 2547 820 2590 REuz.
