2015 3490
266 242 346 286 m
395 240 1139 288 CONTEMPLANTES.
1240 261 1327 307 373¹

72 328 125 369 ri:
141 328 313 387 omissum
331 329 387 377 εὶν,
401 330 507 383 quod
521 329 627 383 saepe
643 329 725 369 fieri
739 330 937 370 consuevit
952 343 960 370 :
978 331 1040 370 καὶ
1054 330 1127 381 μὴν
1146 332 1268 372 καλῶς
1281 329 1332 373 εἶ’-

72 397 143 436 χεν
156 382 215 430 ἂν,
231 386 257 421 ὼ
274 384 354 422 παῖ
366 386 507 431 Μαίας,
526 384 661 423 ἐκείνων
672 383 762 436 γοῦν
779 384 851 423 &c.
865 384 1050 424 Particula
1064 384 1155 438 γοῦν
1167 387 1330 426 eundem

71 437 130 475 hic
143 435 272 475 locum
290 436 329 475 ὃ(
349 436 456 476 usum
476 437 607 482 habet,
623 449 736 489 quem
754 435 808 487 §7
820 438 934 490 ὀλίγα
947 437 1053 488 γοῦν.
1070 439 1186 479 Index
1199 439 1331 481 similia

73 490 178 542 plura
190 488 449 541 suppeditabit.
468 491 629 529 HEMST.

122 545 194 580 ead.
212 543 235 581 l.
256 556 312 591 14.
328 544 546 594 Πρὸσκωπον
559 539 670 596 εἶναι)
684 543 787 583 Bene
805 542 1042 583 restituerant
1054 544 1200 585 Polluci
1213 545 1250 592 Ι,
1266 561 1330 599 9ς.

72 594 308 646 Thucydidis
318 597 496 649 exemplo
519 597 552 641 1,
567 609 597 636 c.
614 610 627 634 1
639 611 658 634 z
671 625 682 644 ‚
697 597 874 649 iungatur
887 597 990 636 hicce
1001 598 1128 637 Nostri
1144 599 1274 645 locus,
1288 603 1329 640 ὅ(

74 648 164 688 alter
179 649 194 698 §
209 663 247 696 7,
259 649 395 689 ναύτης
406 649 463 688 ἀεὶ
478 650 540 688 καὶ
551 650 769 700 πρόσκωπος
781 650 835 688 ὥν.
847 651 1007 689 HEMST.

74 731 78 735 .
122 702 202 740 ibid.
215 703 295 740 Ἐπὶ
311 701 375 742 τοῦ
398 702 607 755 καταττρ.)
630 703 721 742 Non
742 703 778 741 in
798 703 1000 743 Charomis
1021 714 1168 742 tantum
1187 706 1329 756 cymba

65 754 168 808 super
186 756 357 808 transtris,
369 768 447 795 non
455 755 522 806 sub
543 756 715 808 transtris,
731 756 967 796 dormiebant
979 787 989 802 ,
1012 757 1072 795 sed
1092 758 1131 796 &
1150 758 1255 804 alibi,
1272 760 1330 797 uti

70 820 118 847 ex
133 808 327 847 Eustathio
339 809 449 848 docet
461 807 620 848 casaub.
633 809 678 847 ad
693 809 889 862 Theophr.
909 810 1025 849 Char.
1046 825 1082 862 p.
1104 811 1176 863 338
1190 842 1200 858 ‚
1218 812 1328 850 cuius

71 872 216 901 textum
231 863 343 900 etiam
364 863 449 902 hinc
462 863 646 901 emendat.
659 863 816 902 SOLAN.
833 862 879 902 Is.
899 862 1118 902 casauboni
1136 875 1266 904 notam
1281 866 1329 903 ad

71 914 267 967 Theophr.
280 914 394 955 Char.
409 929 441 954 c.
452 915 564 954 XXII
577 944 586 962 ,
603 929 638 968 p.
660 930 748 968 157,
763 916 1006 955 vellicaverat
1018 917 1166 956 Theod.
1189 919 1330 957 Marci-

72 968 161 1014 lius,
173 969 248 1017 vir,
263 967 477 1021 praesertim
493 968 518 1006 fi
531 981 620 1008 cum
632 968 863 1009 casaubono
875 981 1132 1022 comparetur,
1144 971 1243 1009 haud
1255 985 1329 1010 rna-

72 1022 134 1073 gni
155 1020 241 1061 sane
260 1023 390 1075 pretii,
405 1023 458 1061 ad·
467 1021 559 1061 Pers.
582 1022 657 1062 Sat.
672 1023 726 1068 V,
746 1023 828 1071 146.
841 1023 887 1061 ad
901 1036 989 1062 eum
1009 1025 1108 1063 enim
1134 1024 1329 1064 hominem

72 1075 231 1128 maligne
246 1076 417 1114 invidum
437 1074 576 1127 spet‘iat
598 1076 721 1115 acrior
736 1076 942 1128 utrobique
962 1077 1034 1116 viri
1054 1076 1190 1116 summi
1206 1078 1327 1118 incre-

100 1130 191 1168 atio.
205 1128 387 1179 Synefius
398 1129 443 1167 de
457 1128 569 1168 servo
585 1142 751 1181 nequam
767 1130 804 1168 in
818 1130 976 1181 patriam
989 1130 1077 1169 navi
1089 1131 1328 1182 deportando

71 1141 140 1234 Ep.
155 1182 322 1222 XXXII:
335 1184 479 1221 πλείτω
495 1182 538 1221 s}
549 1181 746 1232 ἓεὸεμένος
761 1183 822 1221 ἐπὶ
839 1181 904 1222 τοῦ
917 1183 1257 1235 καταστρώματος.
1270 1185 1325 1235 μὴ

73 1238 150 1289 γὰρ
163 1237 214 1274 είς
226 1236 348 1275 κοίλην
363 1234 450 1275 ναῦν
465 1236 668 1280 καταβαίη.
683 1237 850 1276 HEMST.

123 1290 158 1327 in
168 1290 283 1328 Schol.
295 1290 355 1328 col.
365 1304 379 1327 1
388 1319 396 1328 .
408 1291 471 1342 l.3.
483 1289 524 1327 ‘O
537 1289 675 1341 τείνας)
690 1290 780 1329 Exc.
793 1290 843 1330 G.
855 1289 1046 1329 Σιατείνας
1061 1291 1124 1329 καὶ
1136 1291 1322 1342 τειναξας.

71 1343 119 1384 C.
129 1341 168 1382 ὃ.
187 1343 252 1381 καὶ
263 1358 334 1382 τιν.
349 1342 504 1382 SOLAN.
517 1343 672 1382 Prorsus
684 1343 736 1382 ita
747 1344 784 1382 in
802 1347 844 1382 V.
856 1342 1033 1397 scriptum
1046 1343 1112 1391 est,
1126 1355 1169 1383 ut
1181 1346 1218 1384 in
1232 1346 1325 1387 Exc.

70 1397 120 1438 G.
141 1397 303 1435 HEMST.

121 1450 201 1488 ibid.
218 1451 241 1488 l.
256 1451 291 1489 6.
305 1449 603 1502 Παραληλυθῶς)
625 1449 725 1489 Dedi
740 1450 1022 1502 παρακείμενρς,
1037 1450 1142 1503 quod
1159 1451 1325 1503 Erymo·

68 1503 180 1556 logus
202 1503 313 1548 habet
330 1504 367 1542 in
379 1504 570 1556 Τεταγὼν,
588 1504 653 1542 ubi
668 1504 760 1543 haec
783 1505 912 1543 eadem
932 1504 1087 1543 totidem
1107 1503 1184 1544 fere
1199 1507 1330 1546 verbis

70 1556 268 1610 leguntur:
292 1558 329 1596 in
349 1558 483 1596 ceteris
510 1556 703 1610 exemplar
723 1557 949 1596 Vosfianum
975 1569 1153 1597 accurate
1175 1557 1327 1599 secutus

68 1608 149 1650 sum
160 1641 171 1658 ,
186 1611 302 1663 quod,
317 1610 385 1650 etfi
397 1611 435 1649 in
447 1610 523 1649 fine
536 1611 709 1662 τεταγὼν
721 1609 938 1663 praeferret,
952 1611 989 1648 in
1004 1609 1132 1650 fronte
1142 1612 1324 1664 τεταγὼς

69 1662 260 1704 servabat:
274 1664 326 1703 ibi
342 1675 471 1703 tamen
488 1677 537 1704 ex
555 1663 601 1703 C.
620 1664 794 1716 τεταγὼν
806 1664 1009 1703 annotavit
1020 1663 1147 1704 Solan.
1159 1666 1324 1706 HEMST.

78 1738 80 1740 ·
123 1718 214 1769 Pag.
231 1730 288 1770 31.
300 1718 323 1756 l.
341 1717 547 1770 ι.”Ωμους)
564 1717 673 1769 Quia
689 1716 976 1770 gymnasiorum
991 1717 1147 1769 praeses.
1163 1717 1322 1759 SOLAN.

121 1774 193 1810 ead.
204 1771 227 1809 l.
242 1768 412 1810 2.”Αλλον
425 1772 557 1823 νεκρὸν)
567 1770 717 1822 Castiga
728 1771 854 1816 λάλον,
867 1770 983 1820 ἐκείνῳ
995 1771 1172 1824 διαλέγῃ.
1185 1772 1326 1813 BROD.

71 1823 206 1876 Λαλον)
223 1824 348 1864 Secuti
358 1823 499 1871 sumus,
512 1825 584 1864 hoc
596 1825 746 1876 quidem
757 1825 793 1863 in
806 1825 912 1872 lom,
922 1837 1001 1863 non
1013 1836 1185 1863 veterum
1199 1825 1323 1865 Codd.

69 1877 331 1917 au&oritatem
342 1908 353 1924 ,
377 1877 438 1917 sed
463 1878 764 1917 emendationem
787 1878 979 1917 Benediffi
1003 1878 1259 1918 certiffimam:
1282 1881 1322 1918 in

70 1931 244 1971 omnibus
253 1933 354 1970 enim
365 1942 450 1970 ante
458 1931 581 1984 ipsum
591 1931 695 1970 editis
711 1929 844 1970 vitiose
856 1931 1052 1983 legebatur
1064 1928 1192 1972 ἄλλον.
1200 1931 1324 1972 Inter-

72 1997 156 2036 pres
175 1995 301 2024 tamen
317 1995 382 2024 aut
402 1986 617 2024 emendarat
628 2014 640 2031 ,
654 1995 719 2024 aut
737 1985 774 2023 in
792 1983 860 2024 suo
876 1985 1008 2024 codice
1029 1984 1128 2023 reete
1143 1985 1324 2038 scriptum

71 2038 291 2086 invenerat3
314 2039 431 2077 vertit
451 2039 553 2078 enirn
572 2040 738 2090 loquacem
755 2053 767 2076 .-
791 2048 833 2076 ut
854 2040 983 2083 mirer,
1006 2038 1297 2078 Bourdelotium
1310 2069 1323 2087 ,

72 2092 136 2144 qui
152 2091 248 2132 hanc
261 2091 473 2131 verfionem
487 2105 564 2131 una
579 2105 667 2131 cum
679 2091 836 2132 Graeco
849 2103 957 2131 textu
973 2091 1030 2130 edi
1044 2092 1214 2140 curavit,
1233 2094 1322 2132 reti-

73 2144 190 2184 nuifl'e
204 2156 329 2184 tamen
340 2143 576 2185 &anomvide
588 2144 696 2198 supra
709 2149 794 2183 Μεν.
813 2158 847 2184 c.
865 2145 922 2183 18.
935 2145 1090 2184 SOLAN.

84 2226 86 2229 -
124 2201 198 2237 ead.
210 2200 232 2237 l.
249 2214 280 2251 3.
293 2198 360 2238 Τὴν
372 2198 561 2238 &imavi-iacit
576 2196 690 2237 ἕλκων
733 2199 991 2238 Meminerunt
1009 2199 1122 2238 huius
1141 2197 1217 2237 loci
1234 2199 1320 2239 Laz.

73 2251 182 2304 Bayf.
196 2252 240 2291 de
253 2252 300 2291 R.
316 2252 364 2292 N.
378 2265 414 2304 p.
428 2253 504 2305 609
522 2253 563 2292 B.
578 2252 672 2292 Sche
705 2265 758 2291 er.
773 2253 819 2291 de
830 2251 910 2290 Mil.
925 2252 1025 2290 Nav.
1038 2266 1073 2304 p.
1088 2252 1152 2301 67,
1169 2252 1209 2292 δι
1222 2252 1319 2292 Diff.

72 2305 118 2344 de
126 2306 268 2344 Variat.
284 2306 384 2344 Nav.
396 2318 478 2357 pag.
490 2320 563 2358 773
579 2305 618 2343 F.
629 2306 727 2345 Tan.
739 2305 860 2343 Faber
873 2306 919 2344 ad
930 2305 1118 2358 Aristoph.
1131 2305 1268 2345 Eccles.
1283 2321 1321 2344 v.

78 2357 189 2411 1083,
202 2359 270 2398 ubi
284 2358 473 2406 ἓικιοπεῖν,
488 2359 547 2399 sed
559 2357 665 2398 sensu
677 2359 875 2411 turpiculo
886 2358 1106 2398 translatum
1118 2388 1131 2404 ,
1144 2360 1322 2399 occurrit.

74 2412 265 2451 Δικωπίας
275 2411 429 2461 ἐρέττειν
441 2412 552 2451 habet
563 2411 690 2452 Schol.
699 2412 903 2464 Thucydid
925 2413 971 2451 ad
981 2411 1054 2458 IV,
1065 2413 1131 2458 67,
1144 2412 1260 2452 modo
1271 2425 1320 2452 ne

71 2464 267 2515 legendum
281 2465 324 2504 s1t
336 2465 517 2514 ἓνκωπία.
533 2466 703 2505 Δίκωπον
717 2465 858 2512 σκάφος
874 2465 1079 2505 Charontis
1097 2466 1137 2505 in
1149 2466 1317 2519 Euripid²

73 2517 158 2562 Alc.
174 2533 214 2560 v.
233 2532 306 2572 252
317 2550 330 2567 ,
345 2519 385 2559 δι
397 2518 523 2570 {neem
538 2518 692 2569 simma
706 2533 744 2562 v.
758 2532 846 2570 444.
861 2519 1024 2559 ΗΕΜςτ.

954 2571 1082 2625 Aa3
