2015 3490
262 215 350 261 IN
401 186 1157 263 NECYOMANTIAMj
1237 236 1328 283 357

53 317 126 361 pus
141 305 368 358 perdurandi
387 305 569 345 virtutem
586 304 842 346 conciliabat?
860 307 904 345 τὸ
917 306 1127 360 πολυαρκὲς
1144 306 1210 364 τῆς
1219 324 1330 363 τειρο-

51 360 184 420 χείοις.
198 358 270 398 Ista
288 372 376 399 cum
395 358 579 412 aptiffime
592 359 842 406 cohaereant,
861 372 941 400 non
958 361 1068 412 plane
1086 361 1213 402 nostra
1232 376 1328 403 con-

51 413 197 453 lectura
229 413 417 452 videbitur
440 413 726 466 improbabilis,
757 425 886 466 eoque
912 413 1012 454 forte
1038 417 1194 456 nomine
1219 417 1328 458 alteri

53 465 309 519 praeferenda.
333 466 492 506 Luciani
504 466 638 507 locum
653 465 850 521 usurpavit
869 467 1052 508 Gataker.
1071 470 1117 509 ad
1135 470 1329 513 Antonin,

52 520 129 566 IV,
148 521 163 568 ἕ
181 519 244 568 48.
261 520 426 559 HEMST.
553 566 577 576 Ν

58 611 65 618 ,
107 576 180 612 ead.
193 574 216 612 l.
233 587 291 621 14.
306 571 359 612 Οὔ
381 573 480 614 πάνυ
497 588 536 612 τι
553 576 590 614 ἢν
604 571 758 626 ῥᾴὲιον)
774 573 959 614 Gataker.
974 575 1020 614 ad
1039 575 1227 629 Antonin.
1240 579 1325 626 VI,

0 630 2 679 ᾗ
55 625 74 676 §
91 641 160 675 24,
175 627 243 666 ubi
258 628 397 666 horum
416 626 535 666 multa
555 626 723 678 profert,
737 626 881 680 sctipfit
893 623 932 666 οὗ
952 629 1057 667 πάνυ
1076 630 1115 669 ἦν
1130 644 1166 668 τι
1181 629 1320 681 ῥᾴέιον·

0 721 1 725 ,
52 680 155 720 male
169 679 309 720 factum
320 711 331 729 ‚
346 681 376 720 si
386 681 432 721 de
445 679 624 721 industria
635 679 822 734 separavit
835 681 1039 734 particulas
1048 712 1061 727 ‚
1074 696 1172 734 quae
1184 685 1325 726 Attico

0 748 2 777 1
53 746 165 774 more
177 736 362 787 coniungi
375 734 517 781 solent,
532 744 576 773 ut
589 735 742 774 monuit
752 735 802 774 H.
814 734 941 788 Steph.
959 736 1062 788 App.
1077 737 1122 776 de
1137 736 1190 776 D.
1213 738 1260 777 A.
1281 753 1323 791 p.

53 801 117 839 74.
144 788 267 853 Saepe
279 788 438 830 Noster:
452 789 596 828 Ἐπισκ.
615 788 754 828 c,-XII.
774 787 883 828 Dion
898 789 1040 841 Chrys.
1054 790 1162 830 initio
1181 790 1321 832 Chari-

53 841 173 881 demi:
191 858 228 880 ου
242 842 345 881 πάνυ
355 857 393 881 τι
407 838 541 882 αὖτοὺς
554 840 815 894 ἐπιστάμενος.
830 844 994 883 HEMST.

107 895 143 933 in
156 896 273 935 Schol.
287 897 350 935 col.
368 911 401 936 2.
415 897 438 935 l.
456 909 486 933 1.
498 892 649 945 Δεσμοῦ
663 925 672 935 .
686 926 696 936 .
706 925 715 935 .
732 897 985 950 προσενέγκοις
999 926 1007 936 .
1026 927 1035 936 .
1047 896 1192 951 ἓιέχει)
1207 897 1320 950 Quid

52 947 257 1001 respexerit
267 978 281 995 ,
298 950 442 1002 quidve
453 949 522 988 fibi
535 949 625 988 velit
634 979 649 995 ,
660 948 797 989 neseio.
814 949 859 990 C.
875 951 916 990 δε
928 951 980 990 V.
997 949 1151 1002 ἐρισμοῦ
1164 952 1204 991 δι
1220 965 1319 992 mox

52 1004 286 1055 προενέγκας
298 1004 339 1043 &
354 1003 520 1055 Stixssv.
534 1002 691 1042 δοῖ-ΑΝ.
707 1003 842 1043 Sensus
855 1003 925 1043 est:
943 1001 1140 1054 ἦμιτέλειοι
1152 1020 1228 1044 vero
1241 1022 1318 1046 cum

52 1057 161 1103 dixit,
174 1059 272 1109 quasi
288 1060 327 1095 de
345 1057 473 1096 tributo
492 1057 690 1109 loqueretur,
709 1058 852 1108 mirifica
866 1058 1039 1112 voluptate
1049 1073 1147 1097 aures
1170 1058 1318 1112 (Ῑεᾶὶο-

19 1122 23 1125 ’
51 1109 152 1163 rem)
162 1111 324 1164 perfiufit.
339 1110 512 1150 Iudicate
526 1111 652 1150 voluit
665 1111 891 1164 elegantiam
906 1124 987 1152 eius
996 1111 1226 1161 locutionis,
1239 1127 1317 1166 qua

51 1165 283 1217 pauperibus
297 1165 493 1204 dimidium
506 1164 613 1218 quasi
625 1164 803 1205 dolorum
815 1178 1108 1219 poenarumque
1128 1166 1319 1208 tributum

50 1218 190 1258 remitti
200 1219 349 1258 dicitur:
366 1217 508 1272 καιρῶν,
523 1232 596 1271 pro
611 1218 750 1268 κακῶν,
762 1220 905 1258 librarii
917 1219 1067 1259 vitium.
1083 1221 1246 1260 HEMST.

105 1273 197 1325 Pag.
211 1286 269 1324 19.
282 1274 306 1311 l.
322 1287 358 1326 3.
367 1272 531 1325 Ἀμέλει)
544 1272 582 1311 Ρ.
595 1273 638 1312 L.
651 1272 692 1312 δι
703 1273 760 1312 ed.
774 1274 804 1312 Ι.
819 1269 917 1313 ὥστε
929 1287 1000 1325 pro
1013 1274 1149 1324 ἀμέλει
1162 1274 1318 1315 habene

50 1325 211 1367 ὅθι-ΑΝ.
233 1327 406 1380 Recepta
427 1340 494 1380 per
515 1327 701 1367 editiones
716 1326 980 1380 interpunctio
999 1326 1149 1367 fortasse
1167 1342 1316 1381 paucos

46 1378 219 1420 offendet
230 1410 244 1427 ‚
259 1393 384 1433 neque
398 1379 475 1433 ipse
487 1392 629 1420 temere
641 1381 873 1421 movendam
884 1390 1017 1434 putem
1029 1396 1037 1420 :
1051 1381 1318 1429 nihilominus,

50 1432 80 1473 fi
91 1447 151 1473 res
161 1435 234 1474 mei
247 1433 292 1473 sit
304 1434 469 1481 arbitrii,
483 1435 581 1473 hanc
591 1445 738 1487 partem
748 1434 868 1489 usque
879 1435 1198 1486 εάπροφαινόντων
1211 1450 1318 1489 prae·

47 1488 196 1528 cedenti
209 1488 386 1529 membro
398 1488 549 1541 adiungi
562 1487 711 1537 maliin3
724 1499 807 1528 tum
820 1502 942 1542 porro
951 1488 1213 1541 subsequentis
1225 1503 1315 1530 ora·-

2 1567 3 1570 =
46 1541 164 1581 tionis
183 1543 334 1581 initium
357 1542 482 1581 addita
501 1542 704 1594 particula,
725 1556 824 1596 quae
844 1542 958 1582 facile
976 1542 1209 1598 creberrimo
1228 1544 1317 1584 vitii

47 1607 188 1648 genere
207 1595 331 1649 fugari
342 1597 491 1649 potuit,
504 1596 838 1649 locupletaverun,
851 1595 1001 1649 ἠπόρουν
1016 1599 1077 1636 οὐν
1091 1599 1181 1648 πρὸς
1202 1597 1319 1647 ἐμαυ-

47 1649 127 1690 τόν·
142 1649 194 1689 fic
204 1651 338 1701 ἀμέλει
350 1650 607 1690 decentiorem
620 1650 750 1691 locum
763 1651 982 1703 occupabit,
994 1650 1034 1689 δι
1045 1650 1196 1690 articuli
1206 1664 1317 1691 com-

2 1699 7 1750 Ϊ
47 1703 307 1758 prehenfionis
317 1704 486 1757 integrae
499 1704 652 1744 iustiore
665 1718 769 1745 nexu
781 1704 1052 1745 cohaerebunt.
1061 1705 1210 1745 Verum
1224 1705 1318 1746 πάν·

3 1755 5 1786 Ῑ
48 1772 121 1798 των
135 1757 262 1808 ὁμοίων
274 1758 436 1811 legatur,
451 1771 500 1798 an
522 1764 675 1799 πάντων
697 1759 826 1808 ὁμοίως
844 1759 992 1810 φοβερόν
1009 1773 1048 1797 τι
1066 1759 1129 1797 καὶ
1144 1757 1316 1800 Smin-ww

4 1819 6 1824 ’
49 1811 290 1864 ὃεὲορκότων,
303 1825 509 1866 perparum
521 1812 695 1853 interest:
708 1812 760 1853 fic
774 1825 900 1852 tamen
915 1812 971 1853 ed.
985 1813 1177 1865 princeps,
1191 1812 1315 1852 addita

49 1865 138 1919 post
152 1865 281 1917 ὁμοίως
293 1879 439 1906 maiore
451 1866 705 1907 distinetione:
721 1867 825 1907 unde,
832 1877 960 1906 ortum
975 1866 1142 1914 videtur,
1156 1878 1198 1905 ut
1210 1867 1315 1920 post-

48 1920 207 1961 modum
221 1919 351 1971 ὁμοίως
362 1921 400 1959 in
414 1919 537 1971 ὁμοίων
547 1921 771 1972 mutandum
783 1919 1005 1961 censuerint.
1021 1921 1184 1960 HEMsT.

104 1977 176 2013 ead.
190 1975 211 2012 l.
223 1988 262 2024 7.
277 1977 343 2013 Τὸν
351 1975 539 2023 μεταίτην
549 1974 649 2028 Ἰρον)
660 1976 822 2015 Homer.
833 1973 971 2025 Odyff.
982 1980 1024 2013 Σ.
1037 1974 1181 2014 Biton.

102 2028 184 2067 ibid.
194 2028 288 2067 Ἀπὸ
300 2025 367 2067 τοῦ
379 2033 422 2067 Φ.
434 2028 488 2077 β.)
503 2028 570 2067 Ab
580 2029 765 2069 Alcinoo.
780 2027 919 2079 Odyff.
934 2032 973 2066 H.
985 2028 1126 2067 BRoD.

63 2107 66 2111 -
104 2085 176 2120 ead.
191 2082 215 2120 l.
231 2081 268 2121 8.
281 2081 565 2135 Πυῤῥίαν).νίό.
580 2082 694 2134 Ὀρχ.
709 2096 745 2122 c.
762 2084 882 2135 19,&
893 2086 976 2131 Τιμ.
995 2094 1028 2121 c.
1045 2096 1116 2128 22,
1129 2080 1195 2121 ubi
1208 2080 1253 2120 de
1265 2094 1314 2120 eo

48 2134 191 2175 diuum
204 2134 267 2175 est.
279 2134 350 2175 Sed
365 2136 450 2189 quis
462 2136 524 2176 ille
537 2136 674 2176 nobilis
687 2149 836 2189 coquus
854 2136 891 2174 in
906 2134 1084 2174 historia?v
1104 2135 1170 2174 nisi
1189 2134 1317 2174 forsan

50 2189 100 2281 gd
109 2189 366 2229 Comicorum
379 2202 531 2244 coquos
550 2191 682 2230 alludit
693 2220 706 2237 ‚
725 2191 770 2231 de
784 2190 928 2244 quibus
943 2202 992 2229 ex
1005 2189 1210 2229 Athenaeo
1227 2189 1319 2228 dixi.

80 2252 209 2283 OLAN.

106 2300 179 2336 ead.
191 2298 214 2335 l.
232 2296 291 2336 16.
305 2297 553 2352 Διεσκεύασε)
566 2297 709 2338 Scenae
720 2298 940 2351 proprium·,
954 2297 1080 2349 qualia
1090 2296 1179 2336 sunt>
1188 2295 1320 2342 σκευὴ,

50 2348 237 2390 siaa-nevi,
248 2380 260 2396 ,
275 2352 522 2395 κατασκευὴ,
539 2351 697 2392 συσκευὴ
711 2382 720 2399 ,
736 2351 878 2391 &inde
899 2351 1012 2391 dueta
1028 2349 1163 2391 verba.
1178 2350 1319 2390 Helio-

52 2402 138 2444 dor.
152 2404 169 2443 Ι
183 2435 194 2452 ,
207 2417 292 2457 pag.
307 2420 342 2457 3,
352 2405 477 2458 μύρων
492 2401 590 2445 si‘sof
603 2405 619 2444 ὃ
631 2404 779 2457 δαίμων
795 2405 857 2443 ἐπὶ
866 2403 996 2457 μικροῦ
1011 2403 1076 2444 τοῦ
1089 2405 1226 2457 χωρίου
1243 2403 1320 2443 sm-

55 2456 249 2497 σκεύασεν·
274 2472 392 2511 quam
414 2460 653 2499 locutionem
678 2473 726 2500 ne
749 2459 896 2506 dubites
915 2459 1016 2499 unde
1034 2458 1145 2499 fuerit
1167 2469 1320 2497 mutua-2

46 2519 136 2559 ως,
150 2512 283 2564 paucis
294 2513 526 2567 interpositis
543 2513 667 2555 adiicit
678 2513 840 2562 τοιρῦτον
854 2513 1007 2566 &sempor
1022 2511 1324 2565 {mseffiomOe-

996 2566 1076 2621 ΖΒ
