2015 3490
651 248 742 310 ςω
842 214 1738 296 ANNoTATtoNEff

646 336 755 381 Intus,
767 336 803 373 in
815 336 957 374 cervices
967 335 1127 385 extrusus
1136 365 1148 383 ‚
1165 334 1308 388 egrqffus
1324 336 1360 375 6³
1373 338 1510 376 orbatus
1521 338 1680 378 omnium.
1691 339 1795 381 IENS.
1805 335 1906 382 rtem

645 388 687 426 L.
701 389 755 427 uti
768 389 986 428 coniecerat
997 388 1142 427 Iensius
1153 418 1163 434 ,
1180 401 1252 440 pro
1265 389 1426 442 vulgato
1438 390 1537 430 τότε.
1553 391 1709 431 SOLAN.
1727 393 1770 432 In
1786 393 1904 435 Leert

642 441 804 480 Lucian.
821 441 927 480 lensii
940 455 975 494 p.
990 454 1079 489 204,
1094 442 1195 481 unde
1208 442 1300 481 haec
1312 442 1480 483 desumta
1492 443 1590 493 sunt,
1605 444 1760 485 inverso
1770 447 1908 488 ordine

643 494 840 547 legebatur
854 508 861 533 :
883 495 1052 548 legendum
1064 493 1167 540 τότε,
1188 511 1256 534 non
1266 508 1391 542 autem,
1405 508 1442 535 ut
1455 500 1578 545 adhuc,
1592 498 1700 538 orb-rs.
1713 499 1796 539 Nos
1809 513 1906 540 vero

643 548 698 586 ita
713 549 952 588 correximus
966 549 1005 586 in
1022 548 1104 587 eius
1116 559 1221 596 nota,
1237 560 1278 588 ut
1292 562 1397 588 mens
1410 551 1483 589 viri
1496 551 1584 591 clar.
1595 550 1821 603 postuiabat‚
1836 555 1906 606 qui

642 600 840 653 vulgatam
865 601 1056 653 corrigere
1076 601 1231 648 volens,
1259 615 1337 642 non
1360 602 1504 656 scripsit
1524 617 1608 644 eam
1634 604 1774 645 habere
1795 606 1904 646 πότε.

642 653 760 694 Conf.
777 656 901 694 varias
918 655 1017 694 leur.
1031 654 1172 706 Quare
1185 669 1280 695 ποτε
1292 656 1483 704 dedimus,
1505 657 1695 706 enclitice,
1715 670 1794 699 non
1805 659 1906 700 πότε

643 708 929 759 interrogative.
954 708 1113 747 Rmz.·
1894 740 1896 742 ,

698 764 768 800 ead.
828 776 841 800 1
851 777 885 810 4.
903 760 1144 814 Διαφθείρεις)
1158 761 1201 800 In
1218 762 1396 802 omnibus
1411 773 1520 802 antea
1535 762 1730 815 legebatur
1743 763 1908 814 ἓιοιφθεί·

642 829 719 867 ρας,
735 816 840 868 quod
857 814 982 854 sensus
995 815 1092 855 ferre
1111 827 1159 854 ne
1187 816 1258 854 uit.
1269 817 1338 856 W.
1354 828 1484 855 veram
1498 815 1721 869 scripturam
1743 818 1907 867 ἓιαφθεί-

643 883 712 920 peu·
722 899 735 915 ,
754 882 870 921 quam
898 869 1145 922 arripuimus,
1181 870 1387 922 uppeditat.
1401 870 1557 910 SOLAN.
1582 869 1810 922 Ate'tpestpxc,
1833 885 1906 924 pro

640 922 806 973 vulgato
818 921 1043 973 διαφθείρεις,
1057 922 1228 969 exhibui,
1249 933 1292 961 ut
1304 925 1545 962 coniecerant
1565 923 1639 962 viri
1654 924 1778 973 doffl3
1800 925 1840 965 δι
1853 925 1906 967 fic

643 975 681 1014 in
697 976 782 1015 Ald.
799 976 918 1028 prima
934 974 1146 1014 correctum
1161 976 1289 1015 inveni
1303 976 1432 1015 eadem
1447 989 1562 1016 manu
1576 1007 1587 1024 ,
1602 989 1702 1029 quae
1716 979 1905 1020 variantes

642 1029 688 1067 ad
702 1031 909 1081 marginem
923 1029 1074 1068 notavit
1085 1058 1095 1075 ‚
1115 1028 1192 1068 fine
1205 1029 1320 1068 dubio
1333 1043 1380 1069 ex
1393 1030 1557 1070 Codice:
1583 1042 1670 1068 nam
1691 1031 1757 1071 ubi
1776 1032 1814 1071 in
1830 1045 1907 1073 una

645 1094 792 1122 tantum
809 1083 914 1122 litera
929 1083 1109 1131 variatur,
1124 1082 1218 1122 solet
1228 1095 1310 1122 eam
1327 1083 1391 1135 ipsi
1402 1084 1524 1123 textui
1538 1083 1752 1123 immittere.
1775 1086 1906 1127 Minus

641 1136 773 1188 itaque
788 1137 932 1176 Solano
946 1136 1217 1182 obsecundavi,
1229 1138 1318 1189 quia
1331 1136 1382 1176 fic
1397 1137 1534 1176 melius
1545 1136 1746 1189 respondet
1757 1151 1908 1191 praece-

643 1191 744 1229 denti
764 1191 908 1230 aoristo
922 1190 1133 1241 ἐπείρασας.
1159 1190 1262 1229 Licet
1280 1190 1381 1229 enim
1401 1190 1691 1230 coniunffiones
1712 1204 1790 1231 non
1809 1191 1908 1232 sem-

643 1257 712 1295 per
726 1243 855 1282 similia
870 1255 1042 1295 tempora
1058 1244 1266 1296 requirant,
1278 1255 1321 1282 ut
1333 1243 1442 1296 supra
1454 1244 1706 1296 probavimus
1715 1245 1760 1284 ad
1776 1244 1904 1287 piscat.

644 1297 741 1335 med.
765 1296 860 1337 fere:
883 1297 945 1337 hic
961 1307 1088 1336 tamen
1107 1298 1400 1337 convenientior
1420 1297 1598 1345 aoristus,
1617 1311 1732 1350 quam
1756 1309 1908 1353 tempus

643 1349 831 1404 praesens,
843 1353 935 1404 quia
948 1352 986 1389 in
997 1352 1202 1403 praeterito
1218 1352 1332 1390 etiam
1346 1350 1470 1390 sermo
1484 1351 1743 1391 continuatur.
1757 1352 1905 1394 Rem.

698 1405 789 1455 Pag.
807 1406 894 1457 263.
915 1405 937 1443 l.
949 1419 986 1452 4.
999 1405 1059 1444 Ἐκ,
1075 1403 1138 1444 τοῦ
1150 1403 1264 1457 ἔθους)
1279 1407 1338 1443 Ea
1350 1433 1362 1452 ‚
1377 1406 1497 1457 quibus
1510 1403 1663 1456 affitevit.
1685 1405 1827 1446 BROD.

697 1461 770 1497 ead.
783 1460 806 1497 l.
829 1472 841 1496 1
855 1473 886 1497 1.
896 1458 1041 1504 Ῥᾴὲιος
1056 1461 1115 1497 τὸν
1129 1457 1277 1510 τρόπον)
1298 1458 1452 1511 Saepius
1466 1458 1566 1511 apud
1584 1459 1684 1498 hunc
1696 1460 1824 1499 videas
1839 1459 1907 1512 ῥᾴς-

642 1510 721 1550 ἕως
741 1511 782 1550 in
804 1511 1017 1564 sequiorem
1039 1523 1182 1564 partem
1205 1512 1320 1550 trahi:
1349 1512 1409 1551 sed
1429 1512 1520 1565 quid
1539 1522 1621 1551 tum
1642 1512 1791 1561 valeat,
1814 1515 1906 1560 mihi

642 1566 813 1604 nondum
827 1577 1089 1617 compertum3
1111 1565 1278 1606 coniicio
1290 1565 1472 1616 infhcinus
1486 1580 1630 1618 pronum
1643 1578 1692 1606 ex
1706 1567 1780 1607 hoc
1795 1566 1908 1616 loco,

644 1619 686 1658 δι
700 1619 791 1664 alio,
805 1621 872 1672 qui
887 1620 939 1658 est
952 1620 987 1657 in
999 1619 1123 1670 ’·.λεξ.
1139 1632 1172 1658 c.
1186 1635 1223 1668 4,
1238 1618 1305 1658 ubi
1318 1619 1511 1659 hominem
1527 1618 1603 1658 suis
1615 1619 1810 1660 coloribus
1825 1621 1907 1674 pin-

641 1674 706 1725 git.
720 1673 798 1711 Nisi
815 1684 941 1712 autem
955 1673 1152 1712 adderetur
1165 1673 1225 1712 hic
1239 1675 1300 1711 τὸν
1313 1673 1460 1724 τρέπον,
1473 1672 1622 1712 mallem
1639 1673 1714 1712 alio
1732 1672 1836 1714 sensu
1849 1675 1906 1714 in-

610 1740 623 1769 ὲ-
641 1726 823 1779 oelligere,
835 1740 916 1779 quo
930 1727 1098 1766 occurrit
1109 1727 1146 1765 in
1157 1731 1266 1776 Γυμν.
1282 1739 1314 1766 c.
1328 1741 1388 1779 34,
1399 1725 1540 1775 Ῥᾴὸιον
1557 1727 1591 1765 ἐς
1604 1723 1810 1771 ἐπιβουλήν.
1824 1726 1906 1768 Paf-

641 1779 723 1819 five
738 1780 888 1826 scilicet,
908 1794 990 1832 quo
1002 1779 1107 1820 sensu
1118 1793 1343 1833 opportunum
1358 1780 1492 1820 Livius
1504 1779 1641 1832 aliique
1653 1780 1786 1821 Latine
1799 1780 1907 1821 usur-

641 1845 756 1886 pant;
775 1847 864 1874 cum
885 1845 1019 1873 contra
1031 1835 1091 1873 hic
1109 1844 1265 1887 propter
1279 1833 1369 1872 illud
1382 1837 1445 1874 τὸν
1462 1833 1594 1887 τρόπον
1613 1834 1792 1883 additum,
1811 1834 1906 1874 affi-
1955 1839 1962 1843 “’

643 1900 693 1927 ve
713 1888 972 1941 accipiendum
993 1888 1179 1927 videatur.
1204 1887 1360 1927 SOLAN.
1886 1915 1892 1920 .

696 1945 770 1980 ead.
783 1943 807 1981 l.
825 1956 840 1980 1
849 1956 883 1980 2.
897 1941 1033 1995 Ἠμᾶς)
1048 1942 1240 1981 Nimirum
1255 1938 1352 1989 ἡμᾶς
1365 1941 1404 1980 &
1417 1939 1532 1993 paulo
1545 1939 1628 1994 post
1641 1938 1739 1991 ἡμῶν
1753 1939 1841 1993 lego
1855 1953 1904 1981 ex

641 1996 808 2047 antiquis
821 1995 904 2034 edd.
920 1995 1056 2035 Sermo
1068 1994 1120 2034 est
1138 1996 1182 2035 de
1194 1995 1351 2035 Graecis
1362 1995 1401 2033 in
1418 1993 1640 2034 universum
1652 2024 1664 2044 ,
1685 2006 1852 2047 quorum
1868 1993 1906 2036 se

643 2061 807 2088 numero
821 2049 958 2088 ειυέὶοτ
972 2061 1051 2088 ηοη
1063 2050 1208 2088 eximit.
1227 2048 1353 2089 GEsN.
1884 2061 1890 2070 ·

698 2103 789 2156 Pag.
804 2104 890 2152 264.
904 2104 926 2141 l.
944 2117 958 2141 1
969 2102 1241 2156 .Ἐποιγω·γέις)
1261 2101 1361 2141 Cum
1379 2099 1543 2154 legerem
1560 2099 1726 2140 semel&
1741 2101 1878 2141 iterum
1889 2129 1905 2148 ,

646 2157 788 2195 Πολλοὶ
800 2158 880 2208 γὰρ
894 2155 923 2195 οἱ
935 2157 970 2196 ἐς
981 2158 1053 2195 τὰς
1069 2158 1185 2195 οἰκίαις
1206 2154 1462 2208 παρελθόντες,
1478 2152 1570 2205 ὑπὲρ
1589 2153 1655 2193 τοῦ
1664 2154 1786 2205 μηθὲν
1807 2158 1905 2195 ἄλλο

641 2211 828 2262 χρήσιμον
839 2210 989 2258 sistra«,
997 2209 1180 2259 μαντείας
1190 2209 1254 2248 καὶ
1264 2209 1503 2260 φαρμακείαις
1513 2203 1745 2259 ὑπέσχοντο,
1753 2208 1817 2247 καὶ
1827 2208 1906 2260 χέο-

642 2279 749 2315 prro&
764 2263 826 2302 ἐπὶ
839 2263 913 2303 τοῖς
926 2262 1118 2314 ἑρωτὶκοῖς,
1134 2263 1196 2301 καὶ
1213 2263 1442 2315 ἀπαγωγὰς
1451 2261 1528 2300 τοῖς
1542 2261 1699 2315 ἐχθροῖς·
1711 2261 1805 2314 quid
1815 2261 1907 2302 effer

642 2318 853 2369 ἀπαγωγὴ
867 2317 942 2356 τοῖς
957 2316 1113 2370 ἐχθροῖς,
1125 2317 1187 2356 diu
1203 2315 1336 2356 frustra
1351 2314 1553 2363 haesitavi3
1567 2327 1692 2368 neque
1705 2316 1806 2354 enim
1824 2327 1907 2367 per-

639 2370 794 2410 suadere
812 2372 903 2410 mihi
915 2372 1039 2424 potui,
1053 2384 1137 2410 earn
1155 2369 1363 2423 significare
1380 2368 1484 2422 posse
1496 2370 1720 2408 abduHionem
1734 2369 1770 2406 ἱιι
1785 2369 1906 2460 helles,

640 2425 963 2477 quemadmodum
987 2425 1108 2477 vulgo
1130 2425 1306 2464 vertitur.
1332 2424 1383 2462 At
1402 2422 1480 2462 sola
1495 2423 1645 2462 tandem
1669 2422 1784 2462 editio
1829 2422 1904 2462 lor.

642 2479 786 2518 habens
797 2479 926 2518 diserte
944 2479 1179 2531 ἐπαγωγὰς,
1205 2478 1333 2517 locum
1350 2478 1450 2516 hunc
1473 2476 1562 2515 mihi
1578 2476 1677 2515 dedit
1691 2475 1874 2528 liquidum
1887 2489 1903 2521 ;

642 2545 806 2587 eamque
819 2546 956 2575 vocem
972 2531 1045 2573 effe
1059 2533 1220 2574 omnino
1239 2532 1298 2571 hic
1310 2529 1471 2585 γνήσιον,
1487 2529 1634 2571 censeo.
1662 2529 1703 2569 Id
1721 2528 1900 2570 nimirum
