2015 3490
651 223 742 286 3ss
852 198 1715 272 ANnoTAT10NEs

650 311 692 349 ἃ
705 307 811 361 lapsu
824 310 1003 361 graviore
1015 321 1140 349 ruant.
1155 309 1241 362 Qui
1257 320 1381 350 tamen
1394 311 1591 364 vulgatam
1603 311 1805 353 lectionem
1817 314 1911 354 velit

648 362 849 401 defendere
862 392 876 409 ‚
898 362 1010 415 poffit
1025 362 1164 403 inferre
1175 394 1188 409 ‚
1204 364 1413 403 Lucianum
1424 365 1484 403 hic
1498 365 1696 405 ποιητικῶς
1707 367 1763 406 uti
1783 367 1911 414 duali,

649 429 733 467 quo
746 415 838 454 nihil
849 417 947 468 apud
963 417 1178 456 Homerum
1197 416 1444 469 frequentius.
1461 417 1565 456 IENs.
1576 418 1795 459 Leaionem
1807 421 1911 473 opti-

651 482 754 507 mam
769 468 1012 519 ἑπαιρέσῧων,
1024 481 1160 520 utpote
1172 469 1340 509 Atticam
1352 501 1362 518 ‚
1377 469 1514 510 frustra
1530 471 1731 512 sollicitant
1745 474 1912 514 Bourde-

653 522 770 561 lotius
781 523 820 560 δι
834 521 988 561 Ienfius.
1002 523 1091 561 Vid.
1105 527 1206 573 Νεκρ.
1223 531 1268 563 Δ.
1291 530 1321 561 Χ
1335 553 1346 571 ,
1369 524 1385 574 §
1401 539 1436 563 2.
1468 522 1626 563 SOLAN.

708 578 744 614 in
756 576 873 614 Schol.
884 572 1024 615 Ἄλλην
1038 576 1133 629 ἃς.)
1148 576 1299 617 Suidas:
1320 575 1557 628 Ποιρῳὸᾖκει,
1572 580 1689 618 ἀλλην
1702 575 1786 627 ’ᾖσεν
1801 577 1913 629 ‹fistiv-

653 627 716 667 sed
734 642 778 668 ea
794 628 956 680 potestas
971 629 1096 681 inepte
1109 631 1270 682 quadrat
1283 630 1440 670 Luciani
1461 631 1562 670 loco.
1588 632 1751 671 HEMST.

713 683 802 734 Pag.
816 695 874 732 52.
889 681 1134 731 Ι.7.”Ιδ“ιόντι
1149 681 1222 722 κ.ἕ.
1235 683 1295 721 καὶ
1307 686 1369 723 τὸν
1382 696 1452 722 mx.
1471 684 1526 736 κ.)
1547 685 1637 723 Huc
1655 683 1805 725 faciunt
1822 699 1913 733 vet:-

654 734 716 774 sus
730 735 886 782 Lucilii,
902 748 1001 787 quos
1015 736 1229 777 La&antius
1242 736 1353 776 habet
1364 737 1450 776 Inst.
1461 736 1595 776 Divin.
1609 739 1660 784 V,
1671 751 1705 777 c.
1717 753 1757 792 9,
1774 740 1914 791 quibus

656 801 784 827 mores
806 789 1073 828 Romanorum
1099 789 1355 830 describuntur
1379 803 1561 843 perquam
1583 793 1778 843 graphice:
1806 794 1914 835 Nunc

656 857 735 881 vcro
750 858 771 879 a
786 859 880 882 mane
895 845 943 881 ad
957 846 1078 881 nostem
1090 873 1101 889 ‚
1116 843 1203 895 festo
1218 855 1316 896 atque
1325 843 1467 897 profesto
1479 872 1489 890 ‚
1509 844 1591 882 Toto
1604 845 1716 884 itidem
1727 846 1915 899 pariterque

654 897 709 933 die
719 896 928 948 populusque
947 896 1079 947 Patres
1071 912 1132 946 que
1153 897 1277 936 laetare
1289 897 1457 948 induforo
1467 897 1507 948 ft
1525 911 1658 943 omnes,
1677 901 1820 938 decedere
1831 900 1916 951 nus-

658 964 758 1001 quam
770 978 779 995 ‚
799 951 872 988 Uni
880 949 920 1001 se
933 963 1031 1002 atque
1049 950 1262 1002 eidemstudio
1280 965 1392 990 omnes
1407 953 1535 999 dedere,
1555 951 1590 989 δ’
1604 952 1691 999 arti,
1711 953 1818 991 Verba
1836 956 1915 993 dam

655 1016 696 1040 ut
708 1014 804 1042 caute
813 1003 934 1053 poffint
943 1033 955 1049 ‚
963 1018 1114 1056 pugnare
1135 1004 1245 1054 dolofi·
1256 1034 1268 1050 ,
1279 1005 1458 1043 Blanditia
1471 1017 1612 1050 certare,
1631 1007 1752 1045 bonum
1755 1006 1916 1055 simulare

656 1057 767 1096 virum
780 1056 832 1107 se,
849 1058 992 1109 Itfidias
997 1056 1126 1108 facere,
1140 1069 1177 1095 ut
1182 1061 1218 1108 st
1231 1059 1333 1109 hostes
1341 1061 1413 1109 fine
1424 1058 1578 1097 omnibus
1598 1073 1720 1097 omnes.
1746 1059 1918 1100 Eiusmo-

657 1110 695 1148 di
709 1111 882 1149 homines
900 1111 1052 1162 egregie
1072 1110 1335 1150 describuntur
1353 1110 1462 1151 instar
1477 1124 1591 1164 apum
1603 1142 1615 1162 ‚
1637 1124 1737 1164 quae
1750 1113 1915 1153 invicem

656 1162 696 1201 se
715 1176 902 1216 pungunt.
925 1164 1051 1203 CLER:

712 1219 786 1255 ead.
802 1219 823 1255 l.
837 1216 872 1255 8.
886 1213 1031 1268 “Do-ors?
1047 1215 1197 1270 σφῆκες)
1221 1217 1290 1257 Illa
1312 1216 1512 1271 vesparum
1538 1218 1665 1271 imago
1690 1219 1828 1259 aculeis
1845 1232 1918 1260 no-

653 1270 873 1310 centiffimis
891 1283 1124 1310 armatarum
1137 1283 1184 1310 ex
1199 1271 1462 1325 Aristophanis
1478 1272 1602 1312 fabula
1617 1275 1849 1325 cognomine
1859 1274 1918 1314 vi·

654 1323 768 1363 detur
783 1325 1027 1373 adumbrata;
1041 1325 1107 1364 ubi
1125 1325 1265 1364 chorus
1282 1325 1411 1365 senum
1433 1325 1566 1378 vespas
1583 1326 1763 1366 fimulans
1779 1328 1817 1366 in
1834 1327 1917 1367 sce-

657 1389 746 1415 nam
764 1378 946 1430 procedit.
962 1379 1072 1417 Adeo
1088 1379 1248 1418 noxium
1262 1379 1429 1419 animalis
1442 1393 1575 1432 genus,
1585 1390 1629 1419 ut
1647 1380 1710 1419 vel
1731 1393 1797 1433 per
1809 1381 1918 1433 quie-

656 1441 737 1469 tem
752 1431 922 1471 oblatum
935 1433 1055 1471 malos
1070 1432 1242 1471 homines
1254 1445 1298 1472 ac
1311 1434 1480 1472 crudeles
1495 1432 1692 1486 significet,
1706 1434 1914 1485 interprete

653 1483 909 1524 Artemidoro
924 1485 958 1524 ΙΙ
971 1515 980 1531 ,
999 1500 1059 1524 29..
1084 1486 1188 1525 Hinc
1209 1485 1468 1538 sycophantae
1482 1487 1522 1526 &
1543 1486 1668 1539 vespis
1689 1499 1918 1541 comparan-

659 1547 734 1584 tur,
751 1538 788 1577 δι
803 1539 942 1578 aculeis
955 1538 1082 1578 instrui
1098 1539 1241 1578 solent:
1258 1539 1427 1579 Philostr.
1443 1541 1547 1580 deV.
1560 1540 1764 1589 A.T.V11‚
1776 1555 1811 1594 p.
1826 1555 1918 1594 273,

658 1605 697 1630 v.
714 1606 778 1641 27,
797 1591 881 1632 τοὺς
896 1592 940 1632 s‘s
956 1593 1140 1631 τοιούτους
1158 1594 1446 1639 ἀποβλέπουσιν
1460 1594 1600 1646 (editur
1614 1591 1918 1648 ὑποβλίττουσιν)

652 1644 688 1683 οἱ
705 1649 938 1692 συκοφάνται
958 1646 1090 1697 κέντρα
1104 1647 1163 1686 ἐπ’
1176 1643 1312 1686 αὐτοὺς
1324 1646 1458 1699 ᾖρμένοι
1473 1647 1540 1687 τὴν
1554 1647 1748 1701 γλῶτταν.
1776 1647 1920 1688 Confe-

656 1699 765 1737 rendi
789 1699 872 1738 sunt
895 1700 1060 1739 Platonis
1080 1700 1132 1739 illi
1152 1699 1300 1748 κηφῆνες
1315 1701 1584 1754 κεκεντρωμένοι
1605 1701 1647 1739 &
1663 1699 1768 1740 ὃεινὲι
1789 1702 1919 1753 κέντρα

655 1751 820 1801 ἔχοντες
844 1753 888 1792 de
901 1754 998 1806 Rep.
1015 1753 1111 1792 VIII
1125 1785 1135 1800 ‚
1156 1768 1192 1805 p.
1209 1756 1286 1803 716
1297 1754 1341 1793 C.
1358 1755 1403 1793 de
1419 1755 1559 1808 quibus
1577 1755 1622 1794 ad
1635 1753 1822 1795 Themist.
1845 1754 1920 1796 Or.

655 1805 811 1852 XXIII,
828 1820 864 1859 p.
883 1807 956 1856 287
969 1807 1020 1846 D.
1035 1807 1223 1848 Petavius.
1245 1808 1408 1847 HEMST.

714 1863 786 1898 ead.
801 1861 824 1898 l.
839 1875 852 1898 1
868 1856 1093 1912 1.''A·yvoma)
1107 1861 1168 1900 Sic
1184 1861 1387 1901 necessario
1400 1861 1615 1914 legendum,
1626 1872 1707 1909 tum
1722 1861 1811 1915 quia
1827 1874 1919 1902 mox

654 1912 713 1952 ita
726 1914 900 1952 nominat
909 1915 1080 1967 ἐυγνοκιν,
1092 1925 1133 1954 ut
1146 1916 1211 1966 qui
1225 1915 1269 1953 de
1281 1928 1325 1954 ea
1341 1916 1413 1954 iam
1424 1916 1542 1954 verba
1558 1915 1703 1964 fecerit,
1713 1925 1794 1955 tum
1811 1916 1918 1968 quod

659 1968 797 2007 ceteris
822 1969 1000 2007 omnibus
1021 1969 1276 2007 intermixtam
1303 1969 1375 2008 effe
1396 1970 1505 2008 addit.
1530 1969 1584 2008 Fl.
1606 1968 1725 2008 οίνοιοι·
1752 1969 1920 2020 reliquae
1948 1985 1950 1987 ’

659 2019 794 2060 ἄνοιαι.
816 2021 972 2061 SOLAN.
993 2021 1257 2061 Florentinum
1274 2020 1378 2061 ἄνοια
1395 2034 1606 2069 mutarunt,
1621 2024 1710 2075 quia
1724 2022 1920 2075 singularis

659 2087 765 2113 unus
780 2075 877 2114 inter
888 2087 946 2114 tot
966 2076 1128 2128 plurales
1144 2075 1321 2115 ferendus
1337 2090 1414 2115 non
1431 2077 1641 2116 videbatur.
1663 2077 1752 2116 Hoc
1764 2073 1920 2129 quidem

659 2127 771 2167 leve:
790 2129 880 2167 illud
894 2129 971 2168 fere
983 2141 1131 2168 certum
1144 2160 1154 2178 ‚
1175 2141 1341 2181 utroque
1355 2130 1444 2169 loco
1460 2131 1594 2182 reponi
1609 2130 1827 2169 alterutram
1844 2143 1922 2170 vo-

658 2195 746 2221 cem
762 2194 962 2234 oportere:
978 2194 1063 2222 utra
1080 2196 1175 2222 vero
1191 2183 1234 2222 s1t
1248 2184 1284 2221 in
1303 2183 1564 2235 pofleffionem
1585 2185 1767 2235 integram
1783 2184 1922 2223 immit-

659 2236 789 2284 tenda,
801 2235 878 2275 fine
889 2236 1099 2276 Codicibus
1113 2237 1258 2275 arbitris
1273 2238 1425 2276 decerni
1435 2238 1586 2290 nequit3
1602 2250 1687 2276 nam
1705 2236 1731 2275 si
1744 2250 1921 2278 veterum
1951 2246 1953 2249 “

660 2290 977 2342 philosophorum
994 2291 1219 2330 auooritate
1234 2290 1431 2334 stabimus,
1447 2305 1553 2330 οινοιιι
1568 2291 1647 2329 n¹0n
1667 2292 1790 2330 minus
1801 2303 1923 2343 quam

659 2345 801 2395 olo-yvone
817 2345 934 2382 vitam
958 2345 1164 2383 humanam
1185 2343 1342 2385 infestat.
1361 2342 1503 2383 Ἄνοιοιν
1519 2345 1717 2396 equidem,
1740 2343 1922 2384 affiduam

663 2396 881 2436 mortalium
897 2399 1078 2437 comitem
1091 2399 1128 2437 ἃ
1145 2397 1298 2450 pestem,
1314 2399 1490 2451 quamvis
1504 2411 1564 2437 me
1577 2411 1654 2437 non
1668 2395 1787 2455 fugiat
1799 2397 1922 2437 Cebe-

660 2451 708 2490 tis
729 2450 816 2489 illud
832 2452 1013 2502 poculum
1030 2452 1172 2491 οτλέινκς
1187 2453 1249 2490 καὶ
1262 2453 1434 2503 ἀγνοίας,
1449 2453 1512 2491 cui
1526 2451 1722 2502 ἀφροσύνην
1739 2452 1826 2490 alibi
1839 2453 1921 2491 iun-

661 2505 733 2557 git,
751 2504 839 2546 hinc
851 2518 1054 2548 removere
1068 2505 1192 2546 nolui:
1209 2518 1300 2545 mox
1314 2516 1440 2545 autem
1455 2506 1542 2545 ideo
1554 2506 1672 2558 magis
1690 2505 1828 2558 placet,
1838 2503 1921 2545 τοὺ·

946 2627 983 2650 U
