2015 3490
295 235 378 281 IN
411 235 1102 283 NECYOMANTIAM.
1234 255 1327 304 339

64 322 182 363 διιτοιὶ
202 322 266 363 καὶ
285 322 492 375 ἒιέιὲοχοι,
509 322 633 363 statim
646 323 720 364 effe
733 325 964 372 Χαλδαίους,
981 327 1021 366 δι
1034 326 1145 366 simul
1162 326 1328 370 hominis

65 377 172 416 istius
185 377 283 429 magi
298 390 441 416 nomen
453 379 512 416 edi
528 377 713 417 Persicum
727 379 1076 419 Mithrobarzanem
1091 393 1100 419 ε
1123 394 1202 420 non
1215 384 1324 436 quod

64 430 286 477 existimem,
298 430 496 470 Persarum
509 430 694 483 sapientes
708 431 971 472 &Chaldaeos
985 447 1181 486 nunquam
1193 437 1326 480 eadem

64 497 267 537 magorum
281 484 534 536 appellatione
546 486 755 532 contineri,
782 498 868 524 nam
889 486 929 525 &
951 486 1189 537 Hesychius,
1211 501 1253 528 ut
1277 493 1324 531 de

67 537 152 577 aliis
173 550 315 578 taceam
326 567 336 584 ,
363 537 578 576 Χαλὲοιίους
597 539 869 591 interpretatur
890 539 977 578 satis
1000 540 1197 592 magnifice.
1218 545 1328 596 γένος

62 592 206 644 μάγων
221 605 352 631 πειντοι
363 590 630 644 γινωσκόντων·
646 591 706 630 sed
723 593 829 644 quod
842 591 1101 632 confundendi
1119 607 1200 634 non
1220 598 1326 637 vide·

67 646 206 684 bantur
220 645 346 684 hocin
360 645 462 692 loco,
476 657 575 697 quos
591 644 763 698 plerique
774 659 922 692 omnes,
933 648 999 700 qui
1012 648 1224 699 diligentius
1239 650 1327 691 scri.

66 700 177 748 bunt,
189 698 317 738 sedulo
330 697 557 750 distinguere
574 699 709 747 solent.
731 699 826 738 Sunt
837 701 954 748 enim,
968 712 1008 738 ut
1018 712 1152 740 notum
1165 701 1232 749 est,
1241 704 1325 743 Ἀσ-

67 753 193 805 συρίων
209 752 238 791 οἱ
253 750 440 791 Χοολὲοιῖοι
451 781 580 790 ......
594 752 736 803 Περσῶν
759 753 787 792 οἱ
808 756 933 806 μάγοι
945 783 956 800 ,
973 753 1063 793 teste
1074 755 1196 795 Clem.
1210 755 1325 798 Alex.

16 830 19 833 -
67 806 254 851 Strom.1‚
266 820 301 859 p.
317 819 387 859 305
402 806 449 844 A.
461 804 616 844 Pausan.
631 806 704 859 IV,
716 820 752 858 p.
764 811 853 858 360,
866 807 960 860 Ἐγὼ
973 806 1017 845 δὲ
1033 807 1249 847 Χαλὲαίους
1262 812 1326 850 καὶ

67 859 189 908 Ἰνὸᾦν
202 859 288 898 τοὺς
298 860 450 912 μάγους
469 860 632 910 πρώτους
649 859 738 898 aisa
750 861 940 908 εἰπόντας,
961 855 1008 899 ὦς
1021 860 1207 902 ἀθάνατός
1223 864 1326 904 ἐστιν

66 913 249 966 &repon-ou
259 913 391 964 ψυχὴ·
405 925 520 965 quam
534 914 570 950 in
585 913 803 964 opinionem
817 913 884 953 etsi
896 913 1167 962 consenserint,
1180 916 1215 954 in
1230 917 1327 956 mul-

66 969 116 1007 tis
127 980 253 1016 tamen
263 967 374 1006 valde
388 967 482 1005 inter
499 966 533 1004 se
544 966 774 1006 diffidebant.
788 967 990 1007 Zoroaster
1005 980 1102 1008 vero
1115 969 1193 1007 dux
1206 969 1247 1008 δι
1262 984 1326 1010 au-

67 1021 153 1061 &or
165 1020 375 1073 disciplinae
386 1032 587 1072 magorum
599 1048 609 1067 ‚
621 1033 737 1072 quem
757 1022 872 1074 longa
887 1023 1060 1074 deinceps
1069 1053 1080 1070 ,
1096 1021 1136 1060 &
1147 1023 1194 1061 ad
1205 1023 1325 1062 Alex·

67 1075 172 1115 andri
185 1074 317 1126 Magni
330 1073 448 1126 usque
461 1086 634 1126 tempora
645 1075 866 1114 continuata
879 1074 989 1114 series
1001 1074 1253 1115 successorum
1263 1090 1327 1117 ex-

67 1130 190 1181 cepit:
219 1127 384 1181 Diogen.
401 1128 441 1166 L.
458 1129 495 1165 in
519 1126 695 1167 Prooem.
715 1128 731 1176 §
751 1142 789 1167 2.
812 1142 928 1181 quare
947 1141 1027 1168 non
1042 1129 1148 1167 Plato
1172 1140 1323 1171 tantum

69 1181 241 1228 Alcib.1‚
252 1195 288 1235 p.
303 1196 375 1230 441
393 1181 444 1220 D.
457 1182 624 1232 μοι’γειοιν
635 1182 700 1220 τὴν
715 1184 944 1233 Ζωροάστρου
960 1181 1026 1221 τοῦ
1041 1182 1254 1234 Ὡροιμάξου
1269 1186 1326 1224 di-

33 1260 38 1267 ·
66 1237 139 1283 xit,
150 1235 211 1276 sed
224 1235 265 1275 &
278 1234 308 1274 οἱ
318 1236 548 1287 Ζωροάστρου
558 1235 683 1286 μάγοι
695 1248 958 1275 memorantur
970 1249 991 1274 a
1006 1235 1191 1275 Plutarch.
1206 1238 1255 1277 T.
1265 1240 1299 1278 Π
1311 1268 1326 1286 ,

68 1304 105 1343 p.
117 1292 195 1339 670
208 1289 261 1329 D.
278 1289 318 1328 δι
330 1290 430 1341 apud
446 1288 563 1327 Dion.
583 1287 722 1340 Chrys.
734 1288 805 1328 Or.
820 1291 1009 1337 XXXV-1,
1026 1304 1061 1342 p.
1084 1290 1160 1339 448
1182 1291 1232 1329 D.
1250 1298 1326 1330 Ζω-

67 1344 247 1397 ροάστρης
258 1344 465 1395 ιιοιὶμίιγων
477 1340 719 1394 ποιὶἓεςρτοιβ
733 1343 862 1382 ἐκείνου
874 1342 1064 1393 μαθόντες.
1091 1343 1154 1383 De
1169 1344 1245 1384 hoc
1260 1359 1326 1385 au-

68 1409 146 1438 tem
161 1397 329 1437 hominis
341 1396 532 1448 prodigio,
543 1395 622 1435 slve
636 1396 764 1448 potius
774 1396 819 1435 de
832 1397 1017 1449 pluribus,
1027 1398 1094 1449 qui
1104 1398 1239 1437 eodem
1253 1400 1325 1439 isto

68 1452 227 1491 nomine
239 1450 452 1490 floruerunt
467 1449 647 1501 insignes,
667 1462 746 1488 non
761 1463 882 1502 pauca
898 1451 1189 1504 suppeditabunt
1204 1453 1327 1492 Henr.

70 1504 196 1550 Vales.
205 1505 251 1543 ad
264 1505 394 1552 Amm.
407 1503 575 1542 Marcell.
587 1503 737 1549 XXIII,
750 1516 831 1555 cap.
845 1507 867 1543 6
876 1533 887 1550 ‚
907 1519 944 1558 p.
959 1519 1010 1553 40
1019 1520 1052 1557 5,
1064 1505 1269 1545 Marsham.
1285 1507 1326 1546 in

70 1558 168 1599 Can.
180 1558 327 1598 Chron.
343 1557 457 1597 Stanl.
473 1557 566 1595 Phil.
578 1556 727 1596 Orient.
738 1558 770 1605 Ι,
782 1557 877 1597 Se&
897 1572 931 1605 ι,
945 1571 976 1598 c.
995 1574 1031 1605 2,
1045 1559 1259 1610 3,1a.Toll.
1279 1561 1326 1600 ad

71 1613 103 1653 F
105 1626 201 1653 orm.
216 1613 346 1663 Recip.
363 1611 530 1650 Manich.
540 1624 577 1662 p.
597 1625 636 1663 13
649 1623 678 1661 5.
688 1611 770 1650 Iam
782 1624 878 1650 vero
893 1613 1084 1651 neminem
1096 1611 1208 1664 fugit,
1221 1626 1328 1666 prae-

69 1669 226 1719 cipuum
239 1665 432 1719 quoddam
445 1677 647 1717 magorum
660 1663 767 1714 fuiffe
780 1665 1038 1718 privilegium,
1052 1677 1094 1704 ut
1106 1666 1248 1706 inferos
1261 1668 1328 1708 ha-

69 1721 205 1761 berent
217 1721 258 1759 in
272 1718 456 1773 potestate
467 1750 480 1768 ‚
503 1718 640 1770 easque
653 1719 824 1771 inprimis
837 1731 935 1758 artes
954 1720 1206 1760 divinatorias
1219 1734 1328 1761 exer-

71 1787 205 1814 cerent
214 1805 225 1823 ,
243 1775 282 1812 in
295 1774 435 1826 quibus
453 1775 619 1811 manium
632 1784 891 1818 evocatorum
904 1785 1024 1826 opera
1035 1775 1326 1826 requirebatur:

70 1828 221 1868 idcirco
232 1828 442 1879 iunguntur
456 1840 478 1865 a
492 1827 680 1866 Strabone
692 1827 812 1872 XVI,
831 1841 868 1879 p.
885 1840 901 1866 1
914 1828 984 1866 106
1001 1827 1050 1866 A.
1067 1830 1174 1878 παρὰ
1192 1827 1236 1867 δὲ
1251 1829 1329 1868 τοῖς

73 1882 237 1935 Πέρσαις
248 1881 281 1920 οἱ
292 1880 384 1931 μοὶγ
391 1896 436 1927 οι,
449 1881 511 1919 καὶ
527 1880 796 1929 νεκυομέιντεις,
811 1881 875 1919 καὶ
889 1885 942 1919 ε’τι
957 1881 986 1919 οι
1002 1882 1195 1933 λεγόμενοι
1216 1894 1329 1921 λεκα-

72 1938 263 1987 νομόιντεις
276 1936 339 1973 καὶ
352 1933 603 1986 ὑὲρομέιντεις·
615 1936 722 1985 παρὰ
731 1933 777 1972 δὲ
790 1934 867 1972 τοῖς
877 1935 1074 1985 'Aeo-upra&
1086 1934 1115 1972 οἱ
1126 1937 1329 1974 Kandaroi·

72 2002 118 2030 ut
130 1989 283 2028 minime
292 1988 336 2027 sit
348 1988 573 2032 mirandum,
584 2000 737 2040 magum
748 1989 914 2040 aliquem
926 2001 947 2026 a
956 1989 1144 2041 Menippo
1155 1988 1260 2028 fuiffe
1273 2003 1331 2028 ex-

72 2044 250 2097 petitum,
259 2044 324 2094 qui
333 2041 499 2082 Tiresiae
507 2041 726 2080 consulendi
737 2055 887 2093 copiam
901 2042 966 2080 sibi
978 2041 1129 2081 faceret.
1144 2044 1258 2082 Haud
1267 2044 1332 2082 ali-

74 2108 131 2137 ter
150 2096 236 2136 sane
259 2096 437 2136 Clemens
458 2095 660 2134 Romanus
671 2125 680 2139 ‚
695 2097 749 2144 vde
768 2109 848 2148 quo
869 2109 969 2148 quae
992 2097 1141 2146 prodita
1168 2098 1332 2149 reperies

75 2150 199 2190 Clem.
214 2150 361 2190 Homil.
383 2149 422 2197 1,
445 2148 547 2202 §3&
567 2163 608 2201 5,
630 2149 675 2187 ad
696 2149 788 2189 haec
801 2150 960 2188 omnino
974 2150 1084 2201 digna
1105 2149 1211 2199 sunt,
1233 2164 1333 2203 quae

75 2204 344 2245 conferantur:
367 2202 567 2256 postquam
586 2204 690 2241 enim
705 2216 726 2241 a
747 2216 872 2255 puero
892 2204 936 2242 de
951 2204 1235 2242 immortalitate
1249 2205 1334 2243 ani-

75 2271 162 2297 mae
173 2257 265 2312 quid
276 2257 452 2296 statueret
464 2260 628 2296 incertus
638 2255 772 2296 frustra
783 2256 1028 2309 philosophos
1040 2257 1260 2296 altercantes
1271 2258 1333 2296 ad-

75 2311 185 2358 iiffer,
199 2311 311 2350 talem
323 2311 485 2363 denique
501 2309 646 2349 consilii
658 2312 846 2349 rationem
864 2311 958 2348 inire
973 2311 1120 2362 coepit:
1137 2314 1176 2347 Ta
1190 2306 1247 2349 οὖν
1259 2313 1331 2365 χρὴ

75 2365 214 2412 otonem
227 2366 245 2404 'ri
259 2363 391 2412 τοῦτο;
407 2365 458 2403 εἰς
473 2363 671 2415 Αἴγυπτον
685 2364 925 2415 πορεύσομαι,
938 2369 1002 2402 και
1016 2364 1090 2401 τοῖς
1103 2363 1171 2401 τῶν
1185 2364 1333 2404 ἀδύτων

50 2425 58 2431 ’
77 2418 305 2471 ἱεροφάνταις
319 2418 384 2456 nal
403 2414 604 2470 προφήταις
623 2415 910 2468 <pamella-(aas,
933 2418 996 2456 καὶ
1014 2431 1149 2469 μοι’γον
1171 2416 1334 2469 ζητήσας

77 2472 144 2511 καὶ
155 2469 257 2524 εὑρὼν
267 2469 440 2525 χρήμασι
456 2471 612 2510 πολλοῖς
621 2472 751 2520 πείσω,
763 2469 1004 2523 ἕπωςψυχῆς
1015 2472 1257 2520 ἀ;ἀπομπὴν,
1268 2471 1334 2511 τὴν

78 2526 279 2578 λεγομένην
294 2525 566 2579 νεκρομοιντείοιν
576 2524 662 2579 (vel
678 2525 972 2577 νεκυομαντείοιν,
981 2534 1023 2564 ut
1033 2526 1073 2562 in
1091 2526 1264 2577 Epitome
1282 2527 1335 2575 les

1006 2575 1093 2617 Y2
