2015 3490
235 248 321 294 IN
373 247 1074 295 NECYOMANTIAM.
1199 266 1284 317 355

21 336 151 392 philus
163 338 264 391 apud
281 339 422 379 Athen.
439 341 494 380 XI
507 371 518 389 ,
537 354 570 393 p.
584 353 660 390 472
676 340 718 379 E.
733 340 799 380 ubi
819 340 916 379 male
933 342 1111 380 vertitur.
1127 340 1291 386 HEMST,

73 395 146 430 ead.
161 393 184 430 l.
200 396 309 442 15.T1
325 393 341 446 )
359 394 400 433 Ι...
415 395 456 434 &
468 395 526 434 ed.
545 394 574 433 I.
590 394 633 433 In
648 393 729 433 aliis
743 408 798 433 τε.
814 395 972 434 ὃοιΑΝ.

78 446 114 483 in
132 447 246 486 Schol.
258 448 322 485 col.
346 461 379 486 2.
395 449 417 485 l.
440 461 470 486 1.
489 446 704 486 Κολακευων
725 450 834 498 παρὰ
858 445 924 486 τοῦ
943 447 1120 499 μετρίου)
1143 447 1292 488 Debuit

21 502 129 548 παρὰ
149 502 192 537 τὸ
205 499 334 552 μέτρον
349 501 412 540 vel
429 501 584 552 μέτριον.
599 500 669 540 Sed
694 500 833 552 scripfit
855 501 958 539 haud
978 501 1093 540 dubie
1106 503 1205 553 πέρα
1224 502 1294 542 τοῦ

19 553 190 604 μετρίου,
212 554 536 605 quemadmodum
561 554 635 606 ipse
660 555 851 593 Lucianus
866 553 995 607 paffim
1019 554 1060 593 δὲ
1082 555 1156 594 alii.
1174 556 1236 596 Sic
1252 557 1294 595 in

27 604 221 646 Revivisc.
237 619 319 660 cap.
335 621 396 660 31,
411 607 599 659 Πολυξένη
622 606 841 660 ἀνάσχοιτο
863 609 960 658 πέρα
981 607 1048 646 τοῦ
1066 609 1228 660 μετρίου.
1252 610 1293 650 in

23 672 157 711 quom.
171 659 354 700 conscrib.
377 660 474 700 Hist.
491 673 523 700 c.
544 675 584 712 7,
598 662 693 712 πέρα
710 661 776 699 του
789 662 935 713 μετρίου
956 662 1294 713 καταῤῥίπτοντες.

25 714 134 752 Adde
149 725 180 752 c.
201 727 257 752 ιο.
274 713 336 753 De
351 714 478 754 Saltat.
502 728 534 754 c.
562 727 701 767 21‚75.
722 714 782 755 Sic
803 717 900 767 πέρα
913 712 980 754 τοῦ
992 714 1173 762 πιθανοῦ,
1194 716 1293 767 πέρα

24 766 92 806 τοῦ
106 767 230 806 καλῶς
243 765 412 819 ἔχοντος,
432 768 531 807 alibi.
545 768 651 807 IENs.

78 820 169 872 Pag.
188 820 246 859 18.
261 823 284 859 l.
299 835 334 860 2.
352 821 713 872 Διαναπαυὸμενοι)
731 821 789 861 Ex
809 822 848 861 P.
863 822 902 862 δι
926 822 983 861 ed.
998 823 1090 861 lunt.
1106 821 1294 875 Reliquae

25 874 312 925 ἀναπαυόμενοι.
327 875 482 916 SOLAN.

84 930 157 965 ead.
171 928 194 967 l.
211 942 242 981 5.
258 929 444 968 Χαλεπῶς
458 929 627 981 ἔχοντα)
642 928 778 982 Quam
795 928 927 981 frigida
940 930 1032 969 haec
1042 960 1054 978 ,
1068 928 1108 969 δι
1123 929 1296 970 Luciano

28 981 203 1033 indigna!
220 981 329 1021 Plura
345 982 430 1021 sunt
453 983 491 1021 in
514 983 590 1022 hoc
610 983 797 1036 opusculo
819 983 984 1022 eiusdem
999 982 1168 1031 farinae,
1193 997 1297 1036 quae

28 1045 225 1075 maturum
241 1036 419 1075 iudicium
432 1037 585 1076 minime
594 1036 754 1090 sapiunt,
766 1037 806 1076 δι
817 1037 1039 1090 scriptorem
1052 1049 1219 1089 arguunt
1230 1049 1298 1077 aut

29 1101 53 1128 a
68 1089 240 1129 Luciano
254 1089 444 1129 diversum
454 1120 468 1137 ,
482 1102 549 1130 aut
565 1103 668 1130 certe
687 1091 896 1131 Lucianum
914 1090 1032 1143 ipsum
1048 1090 1236 1130 iuniorem
1253 1092 1298 1132 δε

28 1143 203 1182 nondum
219 1142 362 1182 subaffi
378 1144 424 1183 ad
440 1145 507 1184 has
525 1157 586 1184 res
601 1146 740 1185 iudicii.
755 1145 911 1184 SOLAN.
933 1146 1023 1184 Hoc
1043 1143 1071 1183 fi
1090 1146 1134 1183 ad
1147 1145 1299 1184 Tanta-

29 1196 108 1236 lum
125 1195 247 1236 solum
262 1199 468 1249 pertineat,
483 1199 648 1238 omnino
664 1198 882 1238 desiderabit
896 1195 968 1236 ὑπο
983 1197 1048 1236 τοῦ
1069 1198 1221 1248 ἒίψους·
1236 1198 1299 1238 sed

29 1250 176 1290 literam
195 1251 278 1289 addi
300 1251 424 1297 malo,
450 1251 640 1305 χαλεπῶς
663 1252 848 1304 ἔχοντας,
869 1263 911 1291 ut
933 1252 1109 1291 Ixionem
1131 1252 1172 1291 ἃ
1192 1251 1300 1304 Sisy-

12 1336 14 1339 f
31 1305 149 1358 phum
162 1303 272 1344 simul
285 1305 572 1359 complecitatur.
592 1306 689 1346 Illud
703 1318 830 1345 autem
846 1305 963 1358 frigus
976 1306 1179 1353 orationis,
1191 1306 1299 1359 quod

30 1359 70 1397 in
93 1358 150 1397 his
167 1359 230 1398 vir
251 1359 379 1398 clariss.
400 1359 563 1399 Solanus
582 1359 884 1400 animadvertisse
908 1359 974 1398 fibi
997 1359 1101 1399 visus
1121 1359 1194 1405 est,
1223 1372 1299 1413 ego

31 1411 185 1466 quidem
195 1442 205 1459 ,
217 1413 285 1465 qui
299 1426 406 1453 meus
418 1413 472 1453 est
484 1414 626 1467 stupor,
639 1414 766 1453 nullus
777 1413 911 1453 sentio.
926 1414 1090 1452 HEMST.

0 1507 1 1510 Ἴ
85 1466 163 1504 ibid.
179 1468 248 1506 Καὶ
263 1471 324 1506 τὸν
336 1466 483 1520 ’γηγενῆ
493 1467 633 1508 Τιτυόν·
647 1467 838 1521 Ἡράκλεις
849 1467 1145 1521 <‹2¹o*o5).Videtur
1156 1468 1300 1516 Τιτυὶν,

34 1517 224 1572 Ἠράκλεις
236 1520 341 1568 ὅσση
355 1520 500 1561 GRON.

85 1573 165 1612 ibid.
179 1573 348 1627 Γηγεννῖ)
367 1575 616 1628 Terraefilz'um.
630 1575 771 1615 BROD.

89 1630 164 1666 ead.
180 1627 204 1666 l.
221 1630 257 1668 6.
269 1626 385 1670 Τόπον
403 1629 553 1682 ἀγροῦ)
574 1630 736 1669 Homer.
751 1627 889 1680 Odyff.
915 1632 963 1675 A,
982 1642 1051 1681 575
1066 1644 1073 1667 ε
1088 1627 1157 1666 Καὶ
1173 1628 1302 1667 Τιτυὶν

38 1675 138 1721 sisar
160 1682 278 1733 ’γαίης
299 1682 480 1734 ἑρικύὲεος
501 1683 573 1723 υἱὸν
592 1686 759 1733 Κείμενον
783 1684 816 1724 ἐν
837 1682 1017 1732 Σαπέὸῳ·
1038 1682 1096 1720 35⁹
1119 1681 1178 1721 ἐπ’
1201 1683 1302 1721 ἔννεα

36 1734 137 1775 κεῖτο
155 1735 328 1788 πέλεθρα.
341 1736 480 1776 BRon.

1 1791 3 1793 ’
90 1791 161 1828 ead.
178 1790 201 1827 l.
220 1803 235 1828 1
249 1803 279 1828 1.
293 1786 573 1841 Εὗρωτιῶντας)
593 1793 763 1830 Παλαὼν
785 1790 825 1830 δι
847 1786 1074 1841 εὖρωτιῶντα
1094 1788 1220 1827 iunxit
1242 1787 1303 1827 iti·

1 1839 4 1859 ²
39 1841 123 1882 dem
135 1842 300 1896 Gregor.
313 1843 425 1895 Nyff.
438 1844 484 1883 ad
501 1844 632 1884 Psalm.
649 1859 685 1898 p.
708 1845 784 1898 364
802 1845 844 1884 B.
863 1843 924 1882 sed
940 1855 1039 1881 voce
1053 1841 1230 1880 nonnihil
1243 1842 1304 1881 vi·

3 1894 9 1944 ἶ,
39 1896 149 1936 tiata:
171 1898 232 1936 καὶ
255 1897 324 1937 διὰ
344 1896 454 1937 τοῦτο
470 1899 639 1938 παλαιός
652 1913 710 1938 τις
724 1899 786 1937 καὶ
803 1896 970 1951 ἐρρυτιῶν
986 1896 1175 1948 ἐγενόμην.
1190 1892 1305 1946 Εὐρω-

1 1975 3 1977 ·
39 1950 126 1990 πῶν
147 1950 348 2002 legendum
364 1964 412 1990 ex
429 1953 504 1992 hoc
517 1953 671 1992 Luciani
688 1952 802 1997 loco,
820 1951 888 1990 ubi
900 1951 1029 1989 eadem
1045 1949 1108 1987 illa
1121 1949 1305 2001 copulen-

6 2044 13 2060 ι
42 2013 116 2049 tur,
128 2002 164 2043 se
176 2004 337 2044 didiciffe
352 2016 483 2045 monet
499 2006 554 2045 D.
569 2005 775 2046 Hoeschel.
794 2006 841 2044 ad
855 2005 964 2044 Phot.
981 2018 1016 2055 p.
1032 2017 1118 2055 293.
1135 2004 1302 2042 HEMST.

7 2066 13 2093 ὲ
96 2058 176 2096 ibid.
190 2059 419 2112 Ἀμενυνοὺς)
432 2061 591 2100 Homer.
602 2058 739 2111 Odyff.
752 2064 778 2096 K
789 2090 801 2107 ‚
820 2072 906 2111 521,
923 2060 1007 2110 536.
1021 2056 1159 2095 BROD.
1181 2105 1190 2119 ³

95 2114 166 2150 ead.
182 2111 204 2150 l.
223 2125 281 2164 13.
296 2111 435 2166 Αὔους)
459 2114 504 2153 In
522 2114 624 2153 libris
648 2114 829 2153 omnibus
848 2112 1044 2164 legebatur
1062 2111 1124 2149 hic
1144 2108 1306 2159 αυτοὺς,

11 2205 17 2215 ,
45 2165 154 2204 nullo
166 2165 319 2217 prorsus
333 2166 452 2208 sensu.
466 2168 550 2221 Ego
565 2180 663 2206 vero
674 2166 783 2206 αὔους
799 2165 980 2218 scriptum
992 2162 1098 2203 fuisse
1112 2176 1184 2217 pro
1198 2175 1307 2203 certo

12 2218 18 2255 ἐ
48 2218 185 2258 habeo.
198 2220 296 2259 Vide
308 2221 414 2260 Πένθ.
428 2234 511 2274 cap.
523 2223 558 2260 8.
572 2222 730 2262 Sos-AN.
747 2216 900 2272 Αὐτοὺς)
915 2219 1006 2257 Non
1022 2218 1183 2256 diffiteor
1196 2216 1309 2256 αὔους

3 2259 20 2302 -3
49 2271 244 2324 ingeniose
257 2274 466 2325 cogitatum
478 2305 490 2321 ‚
506 2275 546 2314 δι
561 2277 686 2328 primo
699 2274 873 2327 adspeEtu
886 2272 1054 2312 blandiri.
1071 2273 1253 2310 Attamen
1267 2282 1310 2310 re

16 2312 23 2364 ¹·
50 2325 264 2378 diligentius
275 2327 440 2380 expensa
454 2329 619 2369 dubitari
635 2329 713 2370 fere
724 2328 858 2380 nequit
869 2357 881 2374 ‚
894 2327 987 2378 quin
1001 2325 1101 2364 aliud
1114 2325 1310 2377 quidpiam

50 2381 217 2432 requirat
234 2384 275 2418 τὸ
295 2383 502 2434 πολυαρκὲς
521 2381 585 2423 τῆς
598 2382 813 2435 ταριχείας·
839 2393 926 2419 nam
946 2380 1023 2418 hoc
1044 2379 1200 2431 quidem
1220 2390 1312 2417 eum

20 2455 27 2500 1
51 2431 91 2471 ὶη
109 2434 263 2472 modum
277 2435 450 2487 ponitur,
462 2447 506 2476 ut
521 2436 774 2489 praecedentis
784 2434 1044 2485 cuiuscunque
1055 2431 1235 2471 vocabuli
1249 2444 1313 2472 ra-

22 2506 28 2528 ,r
52 2486 197 2525 tionem
213 2489 368 2539 prodat:
389 2490 463 2528 iam
487 2490 515 2528 fi
535 2489 634 2529 forte
657 2484 738 2528 αὖοι
758 2487 963 2528 commode
977 2487 1153 2525 dicuntur
1173 2487 1311 2537 Aegy-

8 2537 29 2571 ’ἵ
55 2539 223 2592 ptiorum
247 2543 354 2595 νεκροὶ
373 2541 442 2583 Σιέι
465 2543 531 2584 τὴν
552 2545 778 2597 ταριχείαν,
799 2543 889 2595 quia
910 2540 1125 2581 condiendo
1147 2550 1314 2591 corpora

990 2592 1071 2633 Zz
