2015 3490
240 243 324 290 IN
377 239 1114 290 CONTEMPLANTES.
1217 242 1300 305 381

99 328 174 369 ead.
190 330 211 368 l.
229 343 266 382 9.
284 329 413 369 Φείέου
426 329 478 381 μὴ
493 329 510 382 )
523 327 712 368 Benedici.
726 329 782 366 Nc
792 331 904 378 pedem
921 328 1094 368 inlubrico
1104 343 1232 380 ponas:
1246 329 1309 368 im-

51 396 118 422 mo
129 412 139 430 ‚
157 398 197 421 ne
204 397 330 434 parcas
337 387 449 436 pedem
463 384 497 421 in
510 383 635 420 lubrico
646 395 777 432 ponere.
792 381 860 421 GU
867 392 960 420 YET.

101 437 136 475 in
149 438 264 476 Schol.
278 439 342 476 col.
360 450 390 475 1.
407 437 432 475 I.
447 450 482 484 4.
498 438 554 473 Τὲι
567 437 646 487 ’γὰρ
658 433 769 486 πρὸς)
784 434 903 473 Amst.
918 435 974 474 ed.
990 433 1008 475 ἦ
1025 437 1104 487 ’γᾶς
1116 434 1156 474 &
1173 435 1302 487 ἐνέτρι-

50 489 114 540 ψα,
127 490 193 528 τὴν
204 501 238 527 λ.
252 489 356 542 quod
370 502 416 528 ne
427 489 619 529 Graecum
630 488 782 539 quidem
793 488 863 526 est:
876 498 1086 539 utrumque
1098 488 1199 527 reete
1210 489 1308 540 lege-

50 544 162 582 batur
176 543 213 581 in
224 543 322 581 libro
335 544 369 580 V
376 541 523 581 offiano
531 572 543 590 ‚
556 541 814 581 consentiente
825 541 979 580 Thoma
988 542 1092 593 Mag.
1106 542 1144 580 in
1153 539 1307 583 'emoov

47 596 113 636 ‘tin‘
128 593 274 647 ψυχήν.
289 597 450 634 HEMST.

103 650 195 702 Pag.
212 649 271 702 38.
289 651 312 688 l.
327 663 341 688 1
351 680 359 687 .
373 647 520 700 Λίμνπν)
535 648 647 687 Mare.
659 647 798 687 BROD.

103 707 175 741 ead.
190 704 213 741 l.
228 703 376 750 14.“O·tr
385 701 547 755 Ιγελῴην)
561 702 635 740 Hic
647 700 783 739 iterum
793 699 849 738 ὅτι
863 700 960 740 male
971 700 1227 752 coniungitur,
1240 702 1306 741 ubi

49 756 203 808 legitur,
215 757 278 794 καὶ
290 754 368 806 ἤρου
379 769 430 805 με
440 755 496 794 ὅτι
509 753 666 806 γελῴην·
684 752 800 793 scribe
814 753 830 792 δ’
842 783 853 801 ,
865 769 915 793 τι.
930 757 983 793 Et
1000 757 1142 808 rogabas
1156 770 1218 802 me,
1229 757 1312 807 quid

50 810 195 848 riderem.
216 808 326 847 Plane
341 808 391 848 sle
409 809 446 846 in
469 808 697 847 Florentina.
717 807 834 859 Apud
857 808 1072 847 Homerum
1090 821 1247 859 quoque
1266 808 1307 847 11.

50 867 80 901 A
90 893 103 908 ‚
115 863 184 910 64,
197 862 285 902 illud
299 863 339 908 ὃ,
353 877 389 900 τι
405 874 601 914 perperam
617 861 865 912 coniungitur
877 861 963 901 :⁰05
975 862 1009 900 κ’
1023 861 1140 907 εἴποι,
1152 860 1206 900 ὅτι
1219 861 1308 900 ‘rho--

51 930 113 955 σον
123 916 305 968 ἐχώσατο
319 914 445 960 Φοῖβος
457 913 660 953 Ἀπόλλων.
674 913 744 953 Sed
757 913 961 960 scribe,‘'05
974 915 1007 953 κ’
1017 916 1115 954 eiwon
1127 913 1161 960 δ’,
1170 929 1207 953 τι
1221 913 1309 953 τόσ-

50 983 112 1008 σον
126 968 202 1008 &c.
221 969 292 1019 Qui
302 969 411 1016 dicat,
427 969 509 1021 quid
525 967 593 1020 (ob
607 980 720 1019 quam
734 966 911 1020 causam)
929 970 1010 1006 adeo
1021 969 1181 1017 iratusfit
1191 968 1307 1020 Apol-

50 1023 96 1062 lo.
109 1022 166 1061 Ita
183 1021 392 1061 distinetum
409 1022 509 1060 hunc
522 1021 682 1060 Homeri
697 1022 825 1060 locum
845 1021 939 1060 olim
954 1021 1091 1060 lectum
1116 1020 1221 1061 fuiffe
1232 1051 1245 1066 ,
1263 1022 1309 1060 li-

0 1115 1 1118 ,
48 1086 165 1128 queat
180 1088 229 1115 ex
241 1075 462 1127 Hesychio,
479 1087 556 1114 non
573 1075 678 1113 aliter
694 1074 787 1113 haec
802 1075 921 1113 verba
934 1073 1140 1122 referente;
1153 1075 1220 1126 qui
1233 1075 1308 1127 ipse

0 1138 1 1154 ¹
49 1142 208 1181 quoque
220 1142 296 1168 una
307 1129 455 1168 literula
469 1128 650 1167 multatus
661 1126 713 1167 est
724 1127 812 1176 ,“O,
823 1142 861 1167 τι
873 1127 992 1175 τόσον,
1007 1128 1106 1168 <Palm
1122 1126 1306 1168 τοσοῦτον·

47 1182 132 1236 lege
145 1195 194 1221 ex
208 1183 383 1222 Homero
396 1183 539 1221 τόσσον.
554 1181 657 1220 ΙΕΝε.

103 1237 196 1287 Pag.
210 1250 270 1288 39.
282 1237 304 1274 l.
321 1251 354 1275 2.
368 1237 421 1275 Ἐς
431 1235 496 1275 τὴν
509 1232 734 1287 ὑστεραίαν)
750 1235 858 1274 Haec
872 1235 909 1273 in
924 1235 1026 1274 libris
1042 1234 1238 1288 publicatis
1250 1236 1308 1275 in-

49 1289 268 1342 terpunstio
281 1289 524 1342 sequentibus
541 1288 722 1333 anneffiss
744 1301 812 1328 nec
831 1288 1042 1328 dissentiunt
1062 1290 1305 1341 interpretes:

51 1355 128 1395 ego
148 1354 284 1383 contra
303 1342 430 1382 censui
452 1341 592 1383 κληθεὶς
611 1344 662 1382 εἰς
685 1342 748 1381 τὴν
763 1338 963 1393 ὑστεραίαν
979 1342 1082 1395 iungi
1101 1354 1308 1395 oportere:

49 1396 140 1436 huic
154 1409 246 1449 ergo
262 1397 486 1436 distinctioni
496 1395 621 1435 verfio
633 1408 792 1448 quoque
803 1395 1016 1447 respondet.
1035 1397 1198 1435 HEMST.

102 1453 175 1490 ead.
190 1452 213 1489 l.
229 1465 243 1490 1
255 1451 394 1502 ς.”οφρ’
407 1443 449 1488 εὖ
457 1450 661 1502 γινώσκῃς)
680 1449 838 1488 Homer.
853 1449 892 1487 11.
908 1454 929 1488 E
939 1480 950 1496 ,
966 1464 980 1499 t
991 1464 1051 1497 27.
1063 1450 1204 1490 BROD.

104 1506 178 1543 ead.
191 1504 215 1542 l.
232 1505 287 1543 16.
306 1507 402 1542 XAP.
412 1504 453 1541 Τι’
468 1503 616 1556 ἑστινς)
630 1503 793 1549 Vereor,
815 1515 862 1541 ne
882 1514 1033 1555 praeter
1055 1503 1214 1543 Luciani
1228 1518 1305 1544 vo-

2 1583 3 1587 =
50 1556 234 1596 luntatem
252 1557 436 1596 Mercurii
460 1556 583 1596 sermo
604 1556 649 1595 sit
669 1554 884 1595 intercisusz
909 1556 960 1594 illi
973 1586 985 1601 ,
1004 1557 1108 1608 quod
1131 1570 1232 1597 nunc
1252 1558 1308 1596 in-

3 1623 5 1657 3
49 1612 254 1651 commode
273 1611 459 1651 Charonti
480 1610 656 1649 tribuitur
667 1639 679 1657 ,
705 1609 758 1648 est
782 1608 1040 1661 assignandum
1053 1624 1065 1657 3
1091 1611 1183 1662 quid
1205 1612 1305 1650 enim

4 1687 6 1700 2
51 1664 194 1716 aptius,
208 1677 325 1718 quam
346 1675 390 1703 ut
403 1664 567 1703 recitatis
585 1663 747 1703 Homeri
765 1662 959 1704 versiculis
978 1662 1102 1702 statim
1122 1675 1279 1717 quaerat
1292 1695 1306 1713 ‚

6 1726 7 1730 ’
50 1718 93 1757 τί
105 1718 228 1766 ἔστης
245 1717 314 1759 Mn
331 1716 432 1770 ὁρᾷςς
447 1718 606 1756 HEMST.

104 1773 198 1823 Pag.
213 1785 275 1821 40.
287 1773 310 1810 Ι.
326 1785 341 1810 1
350 1801 358 1810 .
373 1771 435 1811 Ὡς
446 1774 535 1823 πρὸς
547 1770 629 1824 ἐμὲ)
642 1771 683 1809 Si
693 1786 814 1810 mecum
825 1782 1054 1823 componatur.
1067 1771 1207 1811 BROD.

104 1828 177 1864 ead.
193 1826 218 1864 l.
235 1840 271 1864 2.
287 1824 525 1876 Προὸίὲασκέ
539 1824 617 1877 με)
640 1824 841 1875 Quorsum
865 1823 1003 1876 spe&et
1020 1825 1303 1876 προὸιῶέισκειν,

9 1924 11 1932 Ι
50 1879 192 1931 quidve
205 1879 363 1918 Charon
377 1890 462 1918 ante
476 1879 605 1918 doceri
618 1880 709 1917 velit
721 1908 732 1925 ‚
746 1890 827 1916 non
841 1879 951 1930 capio
963 1891 973 1925 3
989 1879 1303 1931 quandoquidem

9 1961 11 1968 ,
50 1931 298 1972 acutiffimam
320 1933 438 1971 aciem
460 1943 615 1984 repente
630 1932 759 1971 nactus
781 1931 873 1970 nihil
897 1944 998 1971 nunc
1018 1932 1119 1970 aliud
1135 1935 1302 1985 expetit,

11 2007 13 2017 t
51 1998 167 2038 quam
183 1996 248 2032 ut,
262 1998 362 2038 quae
375 1987 411 2025 in
424 1987 532 2025 terris
549 1986 595 2025 ab
611 1985 832 2024 hominibus
851 1995 1045 2037 gerantur,
1059 1985 1129 2024 fibi
1146 1987 1308 2026 Mercu-

10 2039 14 2095 }
52 2040 130 2078 rius
143 2040 372 2079 demonstret
383 2070 393 2086 ‚
408 2040 732 2092 interrogantique
744 2038 886 2091 singula
897 2037 1132 2092 respondeat.
1143 2040 1305 2080 Videtur

13 2112 15 2122 ι
50 2092 89 2131 in
102 2108 168 2145 προ
184 2092 313 2133 nescio
327 2093 418 2146 quid
431 2093 582 2133 haerere
595 2093 689 2132 vitii.
708 2094 870 2132 HEMST.

105 2149 176 2185 ead.
191 2148 215 2187 l.
229 2163 265 2195 4.
277 2146 546 2199 Ἀμελέτητον)
562 2146 757 2199 Scriptura
771 2147 914 2198 optima
925 2176 936 2194 ‚
950 2159 1067 2198 quam
1079 2145 1117 2185 P.
1131 2147 1173 2185 L.
1189 2146 1229 2186 &
1245 2147 1304 2186 ed.

15 2209 17 2227 ³
54 2200 83 2240 I.
99 2200 288 2239 exhibent.
301 2200 485 2252 Reliquae
500 2199 644 2249 ἀμελῆ,
660 2201 766 2252 quod
779 2199 918 2238 servari
932 2200 1082 2252 quidem
1095 2199 1221 2239 forsan
1238 2214 1304 2251 po-

16 2267 19 2286 1·
50 2263 194 2300 tuerat,
210 2266 254 2292 ut
268 2257 380 2292 Ima-3.
399 2266 431 2292 c.
448 2268 507 2305 25.
522 2252 581 2292 sed
601 2266 648 2292 ne
668 2253 777 2292 MSS.
790 2252 911 2292 Codd.
928 2253 966 2292 &
979 2253 1156 2293 Iuntinae
1170 2256 1304 2294 aueto-

17 2321 19 2350 ς
51 2307 201 2346 ritatem
217 2306 320 2361 sequi
336 2307 494 2355 dubites,
509 2308 594 2346 vide
612 2308 688 2345 Ἀλ.
704 2319 786 2358 cap.
802 2307 862 2355 18,
878 2306 918 2345 δι
932 2311 1079 2358 Παρασ.
1101 2319 1135 2346 c.
1157 2309 1228 2355 60,
1251 2321 1300 2347 ex

18 2368 21 2373 “
52 2361 190 2412 quibus
203 2360 401 2404 omnibus,
417 2361 506 2413 quid
518 2362 614 2399 inter
633 2360 699 2399 has
719 2372 842 2399 voces
863 2359 1081 2400 discriminis
1106 2360 1171 2408 fit,
1192 2360 1300 2401 facile

19 2409 21 2448 ἵ
47 2413 256 2466 perspicies.
273 2413 428 2453 SOLAN.

22 2498 23 2514 ᾖ
105 2470 177 2507 ead.
190 2469 212 2506 l.
230 2467 437 2520 13.“967rsg’
451 2467 590 2520 τορύνην
607 2469 691 2506 τινὰ
715 2466 886 2516 ἐμβαλὼν
907 2466 972 2508 τὴν
988 2467 1178 2521 τρίαιναν)
1198 2466 1300 2507 Cum

56 2519 224 2561 vertiffet
237 2520 467 2561 Mosellanus
477 2549 487 2569 ‚
504 2534 602 2573 atquc
612 2521 749 2560 tridente
761 2522 854 2562 velut
863 2536 948 2560 unco
957 2524 1099 2573 quodam
1112 2524 1209 2561 lzamo
1222 2523 1300 2559 ἱηὶε-
