2015 3490
219 242 291 286 IN
313 240 440 287 PRo
462 236 656 285 LAPSU
672 238 869 284 INTER
888 236 1242 284 SALUTAND.
1297 236 1381 298 583

119 341 211 381 φους
226 325 334 381 εἶχεν
347 328 512 382 χαλκᾶς
527 327 593 367 suo
606 358 619 374 ‚
637 329 917 379 τετρυπημένην
931 326 995 365 καὶ
1012 324 1234 377 ἀτρύπητον.
1254 324 1385 365 GESN.

171 387 243 422 ead.
260 385 282 421 l.
303 398 317 422 1
330 397 361 423 Ι.
383 379 434 422 Oi}
449 382 593 434 φροντὶς
615 380 882 432 Ἱπποκλείδῃ)
906 378 1046 419 Erasm.
1064 380 1101 417 in
1122 379 1255 430 adagio
1267 409 1278 426 ‚
1299 380 1384 417 Non

119 439 162 490 cst
175 452 272 476 curae
287 436 500 489 Hippoclidi.
514 437 652 475 Bnon.
669 436 776 473 Haec
790 435 934 473 dixerat
947 443 1054 472 antea
1066 463 1076 480 ‚
1088 434 1221 482 repetit
1234 433 1269 479 in
1284 432 1385 470 Her-

119 490 206 530 cule
217 490 378 542 Ogmio.
396 489 510 528 Prov.
531 490 593 528 ἐπὶ
611 503 649 527 τι
667 486 716 537 μή
733 487 837 526 πάνυ
852 486 1056 527 movsafov
1075 486 1158 534 ἷιμῖν
1172 487 1380 537 λεγόμενον.

119 543 284 596 Legend.
298 543 464 594 Hesych.
477 555 525 582 ex
540 541 734 592 Aristoph.
751 541 923 580 BouRD.
939 542 997 579 Ειίι
1008 540 1071 590 μοὶ
1083 542 1138 586 τὸ,
1153 538 1297 590 φρεντὶς
1310 537 1387 577 Ἱπ-

117 596 298 646 ποκλείὲῃ
322 597 396 636 &c-
416 597 474 635 El'n
490 596 552 647 μοὶ
574 598 616 635 τὸ
639 593 677 633 οὗ
699 595 841 646 φροντὶς
854 593 958 633 Ἱππ.
979 592 1268 633 MARCIL.Vid.
1285 592 1384 630 Plut.

124 664 224 704 1592
240 649 265 689 f.
281 651 321 690 &
343 650 488 690 Zenob.
512 648 660 689 Confer
676 647 772 688 infra
791 660 927 699 φιλοπ.
943 660 976 688 c.
990 647 1059 687 ult.
1073 647 1119 686 Et
1136 646 1280 685 Herod.
1296 644 1354 684 VI
1369 674 1384 690 ,

119 710 205 757 pag.
220 703 295 757 238
313 704 360 744 C.
373 704 532 744 SOLAN.

129 784 1384 803 ——————-——-——

188 833 255 877 IN
281 833 410 878 PRO
430 832 624 877 LAPSU
645 804 841 879 INTER
862 826 1315 879 SALUTANDUM.

175 915 266 967 Pag.
281 912 366 953 286.
380 914 404 952 l.
420 926 451 952 1.
470 916 589 952 ’ΥΠΕΡ
601 917 696 953 ΤΟΥ
708 936 752 943 -
768 914 1099 967 ΠΤΑΙΣΜΑΤΟΣ)
1121 913 1269 966 Scripta
1291 912 1383 953 haec

122 967 326 1007 dissertatio
340 970 427 1019 πρὸς
437 966 677 1013 Ἀσκληπιὸν,
691 978 733 1006 ut
747 978 849 1021 patet
866 967 953 1007 fine.
969 967 1093 1007 Causa
1115 966 1383 1006 dissertationis

121 1021 214 1060 haec
236 1020 311 1060 est:
334 1015 516 1073 ὑγιαίνειν
537 1020 685 1059 dixerat
704 1021 786 1059 ἀντὶ
804 1020 870 1060 τοῦ
886 1023 1044 1074 χαίρειν·
1066 1020 1106 1059 αἱ
1119 1023 1196 1073 ’γᾶς
1211 1020 1283 1058 τῶν
1304 1035 1384 1058 στα.-

121 1074 233 1115 λοιιῶν
247 1072 457 1126 προῤῥιὶσεις
470 1074 512 1112 αἱ
524 1074 591 1124 μὲν
606 1073 747 1113 {metm}
760 1073 880 1126 χαῖρε
891 1105 902 1119 ,
918 1073 954 1113 oei
969 1073 1013 1113 δὲ
1026 1073 1212 1123 {compluat}
1224 1104 1235 1119 ‚
1254 1069 1381 1126 ὑγίαι-

120 1142 167 1168 νε.
184 1129 356 1168 BOURD.
377 1127 620 1167 Difficultatis
641 1127 877 1179 aliquantum
893 1129 1087 1181 interpreti
1110 1126 1248 1166 faceffit
1263 1128 1321 1165 hic
1337 1126 1383 1165 li-

121 1181 264 1229 bellus,
279 1182 385 1234 quod
400 1192 506 1220 totus
519 1179 572 1219 est
593 1181 632 1219 in
646 1181 690 1219 vi
714 1193 757 1221 ac
781 1181 965 1234 potestate
985 1181 1195 1220 verborum
1213 1193 1385 1232 quorun-

119 1235 207 1274 dam
222 1236 259 1274 in
277 1235 561 1275 salutationibus
577 1233 826 1282 usitatorum,
844 1235 983 1288 quibus
1002 1248 1082 1273 non
1106 1233 1381 1286 usquequaque

120 1288 349 1341 respondent
361 1289 506 1328 Latina.
519 1288 635 1341 Opus
648 1298 774 1327 autem
789 1287 874 1336 fuit,
887 1301 936 1328 ne
947 1288 1290 1328 circumlocutione
1304 1287 1382 1325 lan-

121 1353 255 1395 gueret
267 1344 415 1391 oratio,
428 1342 591 1382 verbum
611 1341 776 1394 χαίρειν,
790 1342 895 1395 quod
912 1352 1099 1394 quantum
1121 1342 1165 1381 ad
1182 1340 1288 1380 usum
1302 1339 1382 1380 fere

123 1396 323 1448 respondet
343 1397 477 1436 Latino
483 1396 615 1448 βαίνετε
625 1425 635 1441 ,
652 1395 806 1435 reddere
823 1398 965 1448 gaudere
973 1411 989 1443 ;
1005 1407 1085 1435 tum
1098 1393 1276 1447 ὑγιαίνειν
1288 1395 1380 1432 val'e-

121 1466 172 1498 re,
190 1450 249 1496 &,
270 1451 377 1503 quod
392 1452 628 1501 consequens
645 1460 724 1488 erat
733 1479 746 1495 ,
762 1449 1145 1503 uyeioevmvaz'qtzzclt‘tzem,
1159 1461 1259 1500 quae
1273 1449 1379 1486 Salus

120 1506 204 1543 Dea
217 1504 359 1557 alioqui
376 1503 617 1544 commodius
639 1503 852 1551 diceretur·‚
871 1504 910 1542 εὐ
923 1503 1102 1555 πράττειν
1126 1501 1285 1553 denique
1304 1503 1380 1540 hene

120 1572 224 1610 agere.
237 1557 386 1597 Graeca
399 1557 516 1597 verba
530 1570 610 1596 non
624 1555 805 1596 immiscui
817 1570 925 1596 meae
938 1556 1235 1608 interpretationi
1247 1585 1259 1600 ‚
1274 1555 1381 1607 quod

119 1611 189 1650 illis
210 1611 422 1650 faciendum
445 1610 515 1650 fuit
530 1611 630 1663 ,ssqui
654 1609 773 1649 solam
795 1610 948 1650 ederent
966 1609 1044 1649 fine
1065 1609 1231 1649 Graecis.
1253 1608 1383 1648 GesN.

122 1664 327 1706 Difficilem
341 1665 451 1704 huius
464 1665 599 1703 libriin
611 1664 724 1702 aliam
735 1663 901 1717 linguam
914 1662 1208 1704 conversionem
1218 1662 1304 1709 effe,
1317 1668 1383 1700 ex‘-

122 1729 254 1772 pertus
266 1718 318 1758 est
332 1718 523 1758 Perrotius
532 1717 820 1763 d‘Ablancourt,
835 1718 900 1769 qui
914 1718 952 1756 in
966 1716 1115 1757 Gallica
1127 1716 1283 1755 Luciani
1301 1728 1380 1754 non

124 1772 307 1812 versione
317 1802 330 1818 ‚
346 1771 406 1812 sed
422 1772 635 1811 imitatione
645 1801 657 1818 ,
672 1781 797 1811 totum
812 1772 916 1811 hunc
928 1771 1138 1823 Dialogum
1153 1768 1294 1814 omisit,
1310 1769 1382 1808 hac

124 1825 375 1866 excusatione
388 1825 494 1865 usus:
512 1826 543 1864 Il
555 1841 594 1864 ne
601 1825 640 1877 ft
647 1836 729 1878 peut
741 1825 886 1864 traduire
899 1826 921 1864 ἁ
933 1823 1031 1876 cause
1044 1827 1082 1863 de
1097 1824 1237 1875 diverses
1251 1824 1380 1873 aile‘ga'-

123 1882 230 1929 lions,
243 1880 299 1933 qui
305 1880 388 1932 fimt
399 1879 589 1931 renferme'es
600 1882 687 1918 dans
704 1879 739 1918 la
747 1879 912 1932 propriete'
923 1880 979 1917 des
992 1891 1107 1917 termes
1128 1879 1233 1917 Grecs
1242 1907 1252 1925 ,
1267 1876 1301 1914 ὅ·
1322 1876 1381 1929 qui

84 1973 89 1977 .
124 1936 225 1974 'n’ont
233 1934 331 1988 point
345 1937 383 1973 de
394 1944 532 1986 rapport
542 1934 564 1972 ιὶ
577 1945 669 1972 notre
672 1931 793 1984 fiztjon.
806 1933 953 1972 REITZ.

181 1991 256 2027 ead.
271 1989 294 2026 l.
312 2002 345 2040 3.
361 1984 574 2040 Ἐ’πῆρειαν)
590 1985 650 2025 Sic
670 1988 767 2026 verti
787 1982 969 2038 ἐπήρειαν,
983 1996 1083 2038 quae
1095 1998 1188 2023 noxa
1205 1983 1293 2022 alias
1308 1982 1384 2029 est3

126 2041 188 2081 sed
202 2042 336 2095 putavi
349 2040 496 2081 fontem
508 2040 764 2093 indicandum,
776 2040 817 2080 δι
829 2039 996 2079 solemne
1010 2038 1109 2091 apud
1126 2039 1194 2076 hos
1207 2036 1385 2075 homines

127 2095 306 2136 Deorum
326 2096 468 2135 crimen
480 2125 493 2141 ,
518 2094 678 2146 φθονερὶιν
701 2096 779 2147 ’γὰρ
802 2096 848 2132 τὸ
878 2091 984 2132 assor·
1007 2103 1053 2131 ut
1078 2090 1207 2145 paffim
1231 2090 1358 2129 videas
1370 2118 1383 2138 ,

128 2149 346 2203 praesertim
358 2148 409 2188 sle
425 2149 672 2188 Herodoteus
683 2146 831 2187 Amasis
845 2146 967 2186 scribit
979 2144 1033 2184 ΙΙΙ
1046 2175 1056 2192 ,
1071 2158 1122 2194 40
1137 2144 1210 2184 &c.
1224 2143 1351 2183 GESN.

184 2206 257 2242 ead.
271 2204 296 2242 l.
309 2216 347 2252 7.
363 2206 410 2240 Tb
425 2201 583 2254 ἑωθινὸν)
603 2201 673 2241 Τῐιν
688 2200 823 2242 ἑωθινὴν
843 2198 1145 2252 προσαγόρευσιν.
1170 2197 1289 2249 Quae
1308 2196 1384 2247 pri-

132 2269 199 2296 mo
213 2269 324 2295 mane
338 2256 412 2295 dici
425 2255 531 2296 solet.
545 2257 684 2295 BROD.
697 2255 910 2294 Matutinum
922 2269 986 2292 ave
999 2263 1132 2292 notum
1147 2250 1199 2290 est
1213 2264 1260 2289 ex
1276 2251 1384 2289 Mar-

133 2310 240 2357 tiale,
256 2310 313 2349 his
327 2309 562 2363 temporibus
572 2309 763 2362 proxima
774 2307 928 2348 Interim
941 2319 1020 2346 non
1032 2304 1265 2357 reprehendo
1279 2305 1385 2343 viros

133 2363 288 2412 dorios,
302 2364 370 2416 qui
377 2363 476 2416 salve
490 2363 550 2402 hic
563 2362 790 2415 posuerunt:
802 2361 862 2404 ‚est
875 2361 975 2400 enim
991 2359 1081 2398 illud
1095 2359 1209 2398 etiam
1224 2357 1387 2396 salutan-

132 2417 233 2455 tium
253 2417 289 2455 in
311 2417 478 2456 adventu
497 2430 578 2456 vox
600 2417 770 2470 propria.¹
788 2415 968 2455 Ceterum
988 2412 1219 2453 omittendus
1238 2424 1314 2449 non
1331 2409 1384 2448 est

133 2469 246 2509 locus
264 2470 432 2511 clafficus
448 2470 680 2510 Artemidori
695 2469 758 2522 (in
772 2467 951 2520 somniis)
966 2467 1003 2513 Ι,
1018 2466 1065 2518 85
1079 2483 1087 2506 :
1100 2460 1251 2517 ’Ἐῤῥωσο
1272 2464 1334 2502 καὶ
1348 2460 1385 2501 ὐ-

130 2523 281 2578 Ὗία-ινε,
299 2524 382 2565 οὔτε
400 2525 524 2578 λέγειν
540 2523 691 2578 ἀγαθὸν.
706 2520 743 2564 οὗ
762 2526 840 2577 ’γὰς
861 2520 1073 2573 προσιόντες
1091 2517 1283 2566 ἀλλήλοις,
1304 2515 1387 2555 οὔτε

1021 2573 1188 2630 004>
