2015 3490
630 245 721 308 364
832 238 1699 292 ANNO'TATIONES

628 348 696 370 non
709 332 820 369 eadem
829 331 913 370 inter
919 331 959 383 se
971 331 1135 383 statium.
1150 327 1222 371 Sed
1237 332 1448 372 videndum
1459 363 1470 380 ‚
1484 346 1533 373 ne
1545 334 1738 374 retinenda
1749 335 1793 375 fit
1805 336 1897 376 vul-¹

627 396 716 436 gata
726 384 840 424 leffio
849 413 860 431 ‚
879 397 923 424 ac
935 398 1024 424 cum
1036 386 1174 425 eodem
1182 386 1272 425 viro
1291 387 1338 425 cl.
1351 387 1452 427 reRe
1466 388 1743 439 interpretanda
1755 417 1766 433 ,
1782 390 1899 441 Equi-

630 440 702 476 dem
714 439 794 476 novi
813 440 1043 490 haesitationis
1061 453 1138 478 tuae
1150 439 1288 491 caufhm
1298 470 1312 486 ‚
1328 455 1400 478 eam
1412 441 1567 480 nimirum
1582 441 1762 494 profi'c‘lam
1776 442 1837 493 ff
1849 445 1900 482 ab

629 492 685 529 his
689 491 902 542 sapientibus
911 522 924 539 ‚
935 509 960 530 a
970 492 1012 542 se
1030 493 1109 544 ipsis
1123 493 1383 545 dcffintientibus
1393 509 1409 540 ;
1422 495 1489 547 qui
1512 493 1586 533 sibi>
1600 508 1679 534 non
1699 495 1898 545 conflant,

629 556 735 584 nunc
748 546 868 593 hanc,
883 558 987 587 nunc
1007 546 1110 586 illam
1129 547 1174 586 de
1195 546 1327 586 eadem
1346 560 1388 586 re
1407 546 1569 587 ferentes
1586 548 1819 588 sententiam.
1833 551 1897 590 Eo

630 610 771 651 nempe
784 597 953 638 stolidior
965 612 1046 640 erat
1061 601 1203 640 horum
1217 599 1428 652 sophorum
1442 603 1591 641 vanitas
1600 631 1614 646 ,
1626 603 1732 655 quod
1745 615 1824 642 non
1837 604 1895 642 in-

631 662 692 690 ter
702 651 740 690 se
752 648 894 699 modo‘,
907 652 968 692 sed
982 654 1049 705 ipsi
1062 667 1084 693 a
1102 652 1139 694 se
1157 652 1386 693 diffidebant.
1398 654 1516 706 quue
1536 655 1608 694 iam
1624 655 1737 707 supra
1747 667 1790 695 ut
1805 657 1896 694 ἀτο-

629 705 814 745 πώτατόν
825 721 863 745 τι
876 706 1134 747 declaraverat
1143 707 1182 746 in
1193 707 1330 747 eodem
1342 708 1418 747 hoc
1432 708 1586 761 dialogo
1598 709 1787 748 Lucianus
1796 724 1806 748 ε
1814 706 1896 750 '‘E-n

630 759 676 799 se
687 759 817 808 πολλῷ
833 758 941 799 τοῦτο
957 761 1095 800 ἐκείνων
1107 760 1361 815 (φιλοσόφων)
1377 761 1624 813 ἀτοπώτερον·
1638 763 1722 803 τοὺς
1736 764 1816 816 ’γὰρ
1827 760 1896 802 00¹3-

632 813 719 853 τοὺς
731 816 882 852 τούτους
893 809 1054 865 εὕρισκον
1067 814 1257 866 ἐπιτηρῶν,
1268 815 1527 854 ἐναντιώτατοι
1538 815 1617 854 τοῖς
1628 813 1752 855 αὐτῶν
1767 816 1896 870 λόγοις

632 864 744 906 'ev-reru
749 866 927 913 δεύοντας,
942 869 1017 908 &c.
1031 869 1210 908 Praeterea
1219 870 1281 908 hoc
1291 869 1398 908 multo
1408 869 1445 907 in
1455 869 1524 908 illis
1534 882 1606 908 erat
1616 869 1795 920 absurdius
1805 884 1816 908 :
1831 871 1897 910 hos

631 922 718 960 enim
731 921 838 974 ipsos,
858 921 1036 972 observata
1048 938 1157 962 eorum
1169 923 1242 962 vita
1252 953 1264 970 ‚
1277 923 1418 974 comperi
1429 922 1507 973 suis
1525 923 1672 974 ipsorum
1682 922 1896 974 sermonibus

631 978 811 1014 admodum
829 977 998 1015 contraria
1021 988 1156 1029 agentes
1175 976 1250 1016 &c.
1274 976 1336 1016 Ad
1358 977 1450 1016 haec
1473 976 1625 1016 videtur
1644 975 1843 1029 respexisse
1864 977 1902 1017 is

630 1027 849 1082 (Tiresias)
859 1030 925 1082 qui
938 1029 1012 1069 hoc
1025 1030 1063 1069 in
1077 1030 1166 1070 loco
1182 1042 1269 1069 eum
1280 1059 1291 1077 ,
1307 1031 1395 1082 qui,
1405 1042 1509 1082 quae.
1519 1029 1619 1069 foret
1630 1032 1776 1083 optima
1789 1030 1872 1070 vita
1881 1059 1898 1077 ,

631 1094 810 1135 rogarat,
835 1084 974 1123 docere
989 1084 1076 1123 vult
1098 1083 1326 1123 veriffimam
1347 1083 1608 1122 haesitationis
1628 1082 1717 1123 suae
1733 1082 1900 1124 causam..

630 1134 738 1174 IENS.
754 1137 814 1176 Sic
825 1135 1010 1177 Isocrates
1030 1137 1111 1188 περὶ
1133 1135 1270 1189 Εἰρήνης
1288 1151 1324 1190 p.
1337 1151 1386 1176 m.
1404 1137 1480 1176 216
1494 1136 1519 1177 f.
1544 1133 1661 1176 οὕτως
1679 1137 1896 1190 ἀλογίστως

630 1187 782 1242 ἔχομεν,
797 1186 894 1229 ὥστε
908 1191 991 1243 περὶ
1001 1189 1071 1231 τῶν
1083 1189 1205 1231 αὐτῶν
1219 1190 1287 1231 τῆς
1305 1187 1420 1232 αὐτῆς
1436 1188 1573 1243 ἦμέροις
1591 1188 1629 1230 οὗ
1643 1190 1772 1231 ταῦτα
1782 1190 1898 1246 γινώ-

633 1257 780 1293 σκομεν.
795 1243 954 1283 SOLAN.
1235 1252 1238 1255 “

685 1300 760 1336 ead.
774 1299 798 1336 l.
812 1298 848 1337 6.
862 1297 1135 1350 Ἀποσπάσοις)
1147 1298 1268 1351 Attigi
1280 1298 1413 1338 locum
1424 1298 1471 1337 ad
1482 1303 1526 1337 Θ.
1541 1302 1599 1350 Κρ.
1614 1297 1630 1348 §
1650 1310 1682 1349 5.
1693 1299 1855 1338 HEMST.
1891 1317 1893 1321 ·

686 1354 760 1390 ead.
773 1353 797 1390 l.
810 1365 849 1397 7.
859 1350 900 1390 ‘0
913 1351 985 1391 τῶν
999 1350 1173 1404 ἰοῗιωτῶν)
1191 1353 1358 1392 Privatos
1371 1362 1546 1392 vertunt:
1565 1364 1648 1391 non
1666 1352 1802 1392 iniuria
1819 1351 1898 1391 dis-

632 1404 745 1443 sentit
758 1404 785 1444 1.
799 1404 889 1444 Alb.
910 1405 1105 1446 Fabricius
1125 1406 1167 1445 Β.
1183 1405 1234 1446 G.
1252 1406 1328 1454 IV,
1345 1419 1376 1445 c.
1396 1406 1465 1452 16,
1483 1419 1518 1457 p.
1541 1405 1617 1458 498
1631 1435 1642 1452 ,
1657 1406 1724 1445 ubi
1740 1405 1901 1458 scripto-

632 1472 719 1497 rum
735 1459 894 1498 Luciani
908 1459 1169 1499 recensionem
1179 1457 1356 1499 instituit:
1374 1461 1481 1510 Quod
1488 1475 1566 1499 vero
1586 1461 1739 1510 Tiresias,
1755 1460 1876 1513 inquit
1885 1490 1903 1508 ‚

633 1513 800 1565 NlenIppo
814 1513 850 1552 in
865 1528 980 1552 aurem
994 1513 1156 1566 fizsurrat,
1171 1514 1330 1566 optimam
1341 1514 1448 1553 vitam
1459 1513 1522 1565 effe
1533 1512 1604 1553 τῶν
1615 1512 1784 1560 ι’ἓιωτῶν,
1796 1514 1901 1553 nolim

633 1567 810 1620 intelligere
819 1570 858 1606 de
870 1567 945 1606 vita
957 1568 1200 1619 privatorum
1210 1567 1294 1620 ,fid
1303 1566 1588 1613 illiteratorum,
1598 1567 1655 1620 qui
1667 1565 1906 1621 philosophis

632 1636 656 1659 a
668 1621 822 1660 Luc-iano
835 1634 1072 1674 opponuntur,
1091 1621 1240 1675 difficiles
1254 1635 1364 1673 nugas
1377 1636 1500 1674 magno
1519 1636 1595 1661 cum
1609 1621 1706 1674 fastu
1726 1622 1901 1660 trablanti-

632 1676 714 1713 bus.-
728 1675 879 1715 adieffis
892 1675 1065 1728 pluribus
1079 1674 1194 1715 nostri
1210 1675 1406 1728 scriptoris
1417 1688 1525 1714 exem
1531 1675 1600 1727 plis
1610 1705 1622 1723 ‚
1635 1676 1673 1714 in
1685 1676 1826 1728 quibus
1836 1689 1902 1715 ea·

633 1730 719 1767 dem
733 1728 896 1781 potestas
912 1729 1044 1769 valere
1058 1730 1205 1769 debent.
1224 1730 1322 1769 Sane
1334 1728 1422 1768 nihil
1439 1728 1492 1768 est
1509 1727 1769 1781 frequentius,
1784 1740 1905 1783 quam-

634 1783 863 1830 φιλοσόφους
878 1782 919 1822 &
933 1782 1093 1821 isich-tac
1111 1784 1208 1821 inter
1222 1782 1258 1822 se
1268 1783 1431 1836 opponi:
1447 1794 1555 1822 notat
1568 1781 1734 1835 Simplic.
1752 1785 1798 1822 ad
1814 1783 1901 1837 Epi-

634 1835 723 1875 clet.
740 1837 858 1876 Ench.
872 1849 904 1875 c.
917 1836 1041 1876 LXXI
1053 1867 1064 1885 ,
1077 1851 1112 1889 p.
1130 1851 1172 1889 31
1185 1850 1201 1888 ς
1214 1851 1223 1876 :
1237 1836 1311 1875 Τῶν
1321 1838 1400 1890 γὰρ
1411 1836 1601 1888 ἀνθρώπων
1613 1835 1642 1875 οἱ
1654 1836 1722 1886 μὲν
1733 1836 1906 1884 istebat,

635 1889 669 1927 οἱ
682 1889 727 1929 δὲ
738 1890 781 1929 ὲκ
790 1889 993 1943 διαμέτρου
1009 1892 1146 1930 τούτων
1158 1894 1352 1938 φιλόσοφοι
1361 1921 1372 1939 ,
1383 1889 1414 1930 οἱ
1429 1889 1474 1930 ὃὲ
1488 1889 1739 1940 ἀφιστάμενοι
1748 1889 1816 1940 μὲν
1827 1890 1901 1930 τῶν

634 1943 807 1993 ἰὸιωτῶν,
827 1943 1130 1998 προσχωροῦντες
1146 1943 1191 1984 «Γὲ
1205 1944 1281 1983 τοῖς
1294 1944 1526 1995 φιλοσόφοις,
1542 1941 1603 1983 οὓς
1617 1944 1901 1994 προκόπτοντας

635 1997 760 2038 καλεῖ.
782 1997 917 2038 Crates
928 2029 940 2046 ‚
961 1997 1052 2038 teste
1074 1996 1244 2051 Diogen.
1267 1998 1308 2037 L.
1329 1997 1388 2038 VI
1398 2028 1409 2044 ‚
1433 1996 1484 2037 88
1495 2027 1507 2045 ‚
1532 1998 1681 2051 argenti
1697 2011 1901 2038 numerum
1924 2012 1931 2015 ·

636 2052 737 2104 apud
751 2051 977 2092 mensarium
990 2051 1215 2104 deposuerat
1225 2064 1271 2091 ea
1285 2052 1505 2092 conditione
1516 2081 1527 2098 ‚
1544 2064 1588 2091 ut
1598 2081 1611 2097 ,
1623 2051 1652 2090 si
1667 2050 1734 2090 filii
1746 2051 1904 2100 ι’ἒιῶτοιμ

636 2105 828 2157 γενηθεῖεν,
844 2105 931 2159 ipsis
944 2105 1202 2145 restitueretur
1212 2119 1223 2153 ·‚
1235 2105 1289 2144 sin
1310 2104 1547 2158 philosophi,
1561 2105 1720 2158 publico
1738 2105 1902 2146 cederet.

638 2159 721 2200 Nec
734 2159 964 2212 philosophis
976 2159 1116 2206 solum,
1126 2158 1187 2200 sed
1201 2159 1242 2198 δι
1253 2159 1458 2212 philologis
1468 2160 1650 2198 contrarii
1663 2158 1749 2198 sunt
1761 2158 1792 2198 οἱ
1804 2159 1904 2198 1515-

638 2227 720 2253 τοιι.
734 2214 835 2253 Sext.
852 2214 994 2267 Empir.
1013 2214 1097 2253 adv,
1111 2213 1286 2254 Gramm.
1306 2213 1344 2259 Ι,
1359 2213 1375 2262 §
1391 2228 1436 2266 23
1447 2228 1481 2265 5,
1493 2208 1541 2252 ὧς
1554 2215 1634 2266 γὰρ
1655 2209 1674 2253 ἦ
1695 2213 1904 2267 φιλόλογος

638 2266 854 2321 (συνήθειαι)
867 2266 1039 2322 γελοῖτοιι
1053 2268 1162 2320 παρὰ
1175 2266 1252 2307 τοῖς
1265 2267 1450 2314 ὶὲιώτοιις,
1471 2263 1617 2316 οὕτως,ἧ
1632 2266 1806 2306 ι’ἓιωτιιιὴ
1822 2281 1902 2306 ποι-
1932 2291 1936 2295 ,

639 2323 686 2372 ρδι
698 2321 776 2361 τοῖς
787 2322 1025 2374 φιλολόγοις·
1039 2332 1153 2374 atque
1169 2321 1265 2361 adeo
1286 2319 1550 2374 cuiuscunque
1569 2321 1659 2359 artis
1672 2320 1786 2360 rudes
1799 2319 1902 2359 isa&-

641 2389 707 2414 τοιι
721 2375 828 2422 sunt,
839 2374 867 2415 fi
880 2376 927 2415 ad
940 2374 1100 2416 artifices
1113 2386 1383 2428 comparentur
1395 2389 1407 2423 3
1419 2375 1525 2428 quod
1545 2375 1730 2427 exemplis
1749 2373 1907 2415 firmare

641 2430 819 2480 putidum
832 2429 944 2469 foret.
959 2429 1090 2469 Nolim
1102 2442 1229 2469 tamen
1244 2429 1304 2469 hic
1316 2430 1499 2481 privatam
1514 2429 1616 2467 vitae
1627 2428 1902 2476 conditionem,

641 2496 743 2534 quae
755 2484 891 2535 procul
904 2496 924 2522 a
939 2482 1254 2537 philosophorum
1272 2483 1363 2522 rixis
1382 2493 1531 2522 remota
1546 2483 1710 2534 quietem
1724 2480 1900 2528 seRatun

641 2536 686 2578 δι
695 2550 754 2579 res
764 2568 775 2587 ‚
788 2551 889 2591 quae
902 2537 971 2578 usu
982 2538 1153 2592 quotidie
1168 2538 1323 2578 veniant
1334 2568 1347 2586 ,
1361 2537 1567 2578 commode
1581 2545 1697 2589 atque
1712 2535 1909 2591 eleganter
