2015 3490
277 249 380 295 IN
444 217 1205 295 PISCATOREM.‘
1257 248 1352 304 '4'57

25 367 27 369 ·
88 339 329 394 gumentandi
346 338 486 386 m0d03
501 349 568 390 per
589 336 704 388 flagra
726 346 874 385 nempe.
891 331 1070 372 Similiter
1085 329 1260 381 loquitur
1281 342 1355 386 pro

87 394 191 447 lapsu
214 395 312 433 inter
335 392 595 431 salutandum:
612 389 707 439 ὅμως
722 388 773 437 τῷ
787 387 924 433 δικαίῳ
939 385 1043 444 λιὸγῳ
1057 382 1119 423 οὐκ
1131 387 1175 421 ἂν
1190 383 1258 433 ἔξω
1277 384 1353 421 ein:

88 447 154 487 τοῦ
166 447 423 498 ἡμαρτηκέναι.
437 445 481 484 In
502 442 738 483 Harmonide
757 455 764 479 :
779 438 872 479 οὕτω
888 439 932 478 δὲ
945 441 1018 490 erpa
1034 439 1080 478 oo
1096 438 1249 487 ἔμελλες
1264 435 1353 488 ἡμῖν.

0 500 14 530 s·
89 502 289 553 φαίνεσθαι
301 499 353 550 τῷ
366 498 502 546 sami&
517 497 632 549 λόγῳ,
645 495 789 535 GRON.

142 555 223 593 ibid.
235 558 300 592 Τὸν
323 554 436 606 χείρω
458 550 528 603 >thy
540 551 601 601 ον)
619 549 786 600 Diogen.
810 548 936 587 Lae'rt.
954 546 992 584 in
1010 544 1113 584 Socr.
1137 544 1235 584 Gell.
1250 545 1303 589 V,
1318 558 1354 592 3.

91 609 258 648 VORST.
277 605 468 657 Aristoph.
481 610 566 649 Νεφ.
580 603 654 651 ΙΙΙ,
671 617 707 648 2,
724 601 844 654 λόγος
861 597 983 640 ἥττων
996 599 1059 636 καὶ
1072 599 1256 656 κρείῂτων.
1269 597 1353 655 ,50-

94 665 191 700 [An.
205 661 363 711 Κρείττω
374 660 489 712 λόγος
502 657 566 701 est,
581 670 672 696 cum
685 655 893 694 verborum
906 651 1096 696 industria,
1113 651 1137 690 s,
1150 653 1353 710 lophilma-

92 715 206 762 tibus,
220 713 333 753 causa
346 712 530 751 infirmior
543 710 585 750 fit
597 710 746 749 fortior.
762 707 877 748 Conf.
893 705 1070 746 Aeschin.
1084 705 1232 745 Socrat.
1249 703 1354 763 Dial.

96 782 141 815 2,
166 767 182 817 §
201 781 246 807 10
267 767 290 806 f.
310 763 412 808 ἥττω
443 777 570 805 autem
590 763 659 812 vel,
674 763 788 816 χείρω
806 762 932 815 λέγω,
953 761 1053 806 eius,
1084 759 1152 812 qui
1173 759 1357 804 vincitur,

92 820 234 861 etiamsi
252 819 400 860 causam
423 819 554 859 iustam
569 817 714 856 habeat.
731 815 923 867 Aristoph.
945 813 1047 852 Nub.
1063 826 1076 850 1
1089 827 1103 851 1
1114 826 1134 850 2
1148 822 1358 863 utrumque

92 875 199 914 hunc
212 873 423 914 sermonem
441 873 618 926 explanat
630 902 641 919 ,
656 882 823 923 eumque
836 867 928 907 falso
942 866 1086 906 Socrati
1101 865 1234 904 tribuit
1245 879 1256 912 ;
1269 864 1349 903 vid.

93 928 285 968 Clericum
300 928 344 967 ad
358 926 493 967 Aesch.
513 926 537 966 1.
553 939 586 966 c.
606 924 839 977 Scholiaque
858 922 898 962 δι
918 923 1130 974 interprett.
1145 919 1192 958 ad
1206 917 1358 958 Aristo-

93 983 206 1035 phan.
223 982 367 1022 szrrz.
534 1011 536 1013 .

289 1112 392 1156 IN
455 1110 1164 1156 PISCATOREM.

151 1191 242 1244 Pag.
261 1204 276 1228 ι
287 1203 346 1239 17.
359 1190 383 1228 l.
404 1203 435 1228 1.
450 1194 583 1228 AAlET
586 1189 646 1243 Σ)
664 1189 708 1228 In
729 1202 847 1242 opere
860 1188 932 1229 suo
948 1190 993 1229 de
1013 1189 1193 1243 Sophistis
1208 1189 1363 1230 Creffo.

92 1246 167 1286 lius
179 1254 287 1297 putat
298 1275 312 1291 ,
325 1243 428 1283 hunc
446 1243 602 1283 titulum
621 1257 669 1283 ex
691 1243 858 1283 Platonis
872 1243 1042 1296 Sophista
1062 1245 1221 1298 petitum
1234 1275 1245 1292 ‚
1266 1246 1360 1298 quia

97 1298 356 1352 Sophistarum
383 1298 457 1337 illic
477 1309 594 1353 artem
623 1299 843 1337 hamaton'atn
865 1299 938 1336 dici
959 1298 1000 1338 δι
1022 1298 1181 1338 describi
1205 1300 1358 1352 reperit.

96 1354 190 1393 Non
200 1352 286 1392 satis
297 1350 599 1391 animadvertisse
611 1352 766 1390 videtur
780 1351 842 1391 vir
852 1351 1001 1397 doeius,
1014 1352 1225 1392 Lucianum
1239 1352 1361 1406 ipsum

97 1407 159 1446 hic
173 1418 297 1460 partes
312 1405 508 1458 piscatoris
525 1418 654 1457 agere,
668 1418 749 1457 quo
765 1404 1160 1459 pseudophilosophos
1173 1407 1274 1452 illos,
1290 1420 1364 1445 vo-

95 1461 235 1514 luptati
247 1459 457 1499 servientes
471 1460 511 1498 &
525 1460 704 1498 avaritiae
715 1489 727 1506 ‚
742 1459 926 1499 illecebris
940 1461 1020 1498 auri
1034 1472 1168 1513 captos
1187 1461 1362 1513 detegat,

97 1528 121 1555 e
133 1515 284 1554 latebris
297 1514 445 1552 tandem
460 1512 500 1552 su
507 1514 537 1553 is
547 1524 668 1561 eruat,
681 1512 846 1565 orbique
858 1526 1046 1553 terrarum
1063 1515 1283 1553 deridendos
1295 1528 1360 1553 ex-

96 1579 228 1621 ponat.
248 1567 388 1607 Prioris
403 1568 460 1606 hic
475 1568 645 1619 dialogus
659 1566 839 1619 apologia
859 1566 912 1606 est
922 1597 935 1612 ,
950 1580 1064 1620 quam
1083 1567 1362 1620 insurgentibus

32 1624 35 1629 '
99 1623 142 1661 in
163 1622 198 1661 se
213 1622 301 1661 aevi
320 1619 372 1660 sui
392 1621 627 1674 philosophis
641 1619 832 1674 opposuit.
849 1620 891 1659 In
907 1633 954 1659 eo
970 1634 1098 1660 autem
1122 1634 1268 1673 quanto
1285 1635 1366 1661 ma-

97 1676 219 1716 iorem
234 1688 324 1728 erga
339 1688 454 1715 veros
468 1673 714 1715 &infucatos
734 1673 992 1727 philosophiae
1012 1675 1178 1715 cultores
1190 1676 1365 1715 benevo-

99 1731 252 1770 lentiam
266 1730 512 1782 amicumque
524 1727 726 1782 profitetur
737 1729 920 1774 animum,
932 1740 1042 1768 tanto
1052 1729 1314 1769 vehementius
1324 1731 1364 1768 in

100 1797 171 1823 eos
184 1783 392 1828 invehitur,
406 1785 470 1835 qui
486 1783 682 1835 praeclaro
695 1783 854 1821 nomine
869 1782 988 1831 abusi,
1001 1794 1068 1822 aut
1083 1784 1284 1830 avaritiae,
1299 1794 1366 1822 aut

102 1838 182 1877 aliis
196 1850 276 1876 non
292 1838 502 1876 minoribus
520 1837 623 1876 vitiis
645 1836 806 1888 turpiter
828 1835 1062 1884 inserviunr3
1083 1850 1249 1889 quorum
1266 1850 1363 1876 non-

101 1891 228 1930 nullos
242 1903 370 1942 aperte
385 1892 477 1938 iam,
495 1890 562 1929 etsi
577 1890 718 1929 nemini
734 1891 965 1942 pepercerit,
983 1891 1099 1942 digito
1120 1891 1224 1943 quasi
1247 1904 1365 1930 mon-

102 1945 204 1984 strat.
213 1944 300 1984 Post
310 1945 483 1998 dialogos
496 1955 741 1983 mortuorum
752 1942 912 1996 scriptus
923 1944 1079 1983 est.Vid.
1093 1957 1124 1984 c.
1135 1946 1195 1984 ’.ν-6.
1208 1945 1367 1985 SOLAN.

158 2000 236 2037 ibid.
256 2002 419 2037 ΑΛΙΕΤΣ
435 2003 462 2036 H
479 1997 690 2050 ANAis.)In
711 1998 812 2036 hunc
832 1997 1044 2050 Dialogum
1066 1998 1262 2037 Brodaeus
1283 1999 1367 2037 Mi-

102 2051 202 2092 scell.
218 2065 252 2091 c.
271 2053 355 2091 221.
370 2052 436 2091 Ill.
449 2053 639 2091 MARCIL.
652 2049 838 2090 Consului
851 2052 1089 2100 Brodaeum3
1108 2051 1169 2091 ille
1183 2065 1280 2091 vero
1294 2052 1316 2090 1.
1331 2064 1366 2091 c.

103 2107 233 2146 eadem
251 2105 384 2154 habet,
397 2119 494 2158 quae
507 2106 565 2144 alii
582 2118 630 2144 ex
645 2106 762 2144 Hom.
779 2118 938 2158 quoque
948 2105 1152 2150 adduxere,
1169 2119 1246 2145 non
1267 2106 1368 2144 addi-

104 2161 151 2199 tis
171 2171 297 2199 tamen
314 2158 494 2199 versuum
518 2159 684 2199 numeris
695 2189 704 2204 ‚
721 2172 838 2211 quare
853 2159 945 2198 haec
957 2172 1036 2199 non
1050 2171 1264 2212 repetemus
1274 2161 1368 2207 ;.ad-

104 2215 158 2253 dit
174 2213 434 2253 solummodo:
445 2213 600 2264 ferebant
612 2224 723 2251 autem
740 2229 855 2265 peram
873 2214 908 2251 δ’
927 2214 1081 2252 baculum
1095 2214 1277 2265 aliquando
1287 2214 1368 2264 phi-

107 2267 238 2320 kfhphi
250 2297 260 2314 ,
270 2268 336 2320 sed
352 2268 505 2319 inprimis
522 2269 656 2320 Cynici.
673 2265 791 2316 Quae
803 2280 901 2306 vero
914 2267 960 2305 ad
973 2267 1116 2320 reliqua
1127 2267 1239 2306 huius
1250 2267 1369 2307 dialo-

105 2323 142 2374 gi
157 2322 270 2360 habet
280 2351 292 2367 ,
307 2320 378 2360 suo
391 2322 482 2360 loco
497 2322 686 2363 addemus.
700 2320 845 2359 REITz.

161 2376 267 2415 ead.l.
281 2390 317 2414 2.
333 2375 474 2428 Βέιλλε)
490 2374 579 2415 Vid.
593 2373 836 2428 Aristophan.
849 2373 1023 2416 Acharn.
1038 2373 1072 2413 ΙΙ
1085 2403 1095 2420 ,
1115 2389 1157 2423 2,
1176 2388 1291 2428 quem
1306 2375 1368 2415 hic

107 2429 294 2482 exprimit.
305 2429 471 2467 VoRsr.

158 2482 237 2523 ibid.
252 2482 426 2529 Ἀφθόνοις
440 2481 546 2535 τοῖς)
563 2482 667 2520 Leve
681 2481 776 2529 hoc,
791 2480 851 2520 sed
871 2480 1006 2520 melius
1019 2495 1067 2521 ex
1084 2482 1140 2521 ed.
1155 2483 1182 2521 l.
1195 2496 1309 2535 quam
1324 2494 1368 2521 ue

86 2549 89 2553 ·
108 2535 162 2578 est
182 2537 220 2575 in
241 2536 416 2590 reliquis,
437 2536 514 2577 τοῖς
534 2535 711 2586 ἀφθόνοις.
733 2535 889 2576 SOLAN.
910 2535 981 2575 Sed
1001 2546 1128 2576 tamen
1145 2538 1183 2577 in
1205 2538 1368 2588 Ἀλεκτρ.
