2015 3490
685 274 771 341 546
880 271 1774 320 ANNOTATI‘ONES-

680 371 799 399 tarem
822 390 832 408 ‚
858 360 925 399 nifi
952 360 1162 401 Meursmm
1186 361 1357 401 viderem
1381 360 1508 401 nescio
1531 376 1630 415 quae
1651 375 1731 401 non
1752 367 1947 403 commeti-

680 424 786 459 tum,
806 425 849 452 ut
870 427 891 452 a
913 413 1018 453 sensu
1046 414 1244 454 manifesto
1266 414 1476 455 discederet.
1497 415 1704 456 Gaudeant
1722 416 1850 469 itaque
1871 418 1946 457 viri

678 466 733 505 illi
749 466 944 506 dofflffimi
964 466 1042 507 suis
1065 469 1253 508 inventis:
1280 481 1342 507 me
1362 469 1467 520 quod
1487 470 1620 508 attinet
1633 499 1646 516 ,
1667 468 1837 521 mysterii
1851 467 1945 510 nihil

679 519 821 559 subeffe
830 531 944 573 puto.
960 522 1046 559 vid.
1059 521 1153 561 Tac.
1174 522 1278 560 Ann.
1301 521 1412 568 XIV,
1432 523 1496 562 60.
1515 524 1776 562 Alexandrinas
1795 523 1945 563 delicias

679 584 800 613 vocat
813 573 981 625 Quintil.
995 574 1087 627 1,p.
1103 574 1207 623 14B.
1225 574 1433 614 Saltatores
1453 575 1566 614 etiam
1586 576 1702 616 Iones
1712 577 1946 629 plerumque

679 638 799 666 erant.
816 629 940 666 Motus
948 630 1057 666 doceri
1066 631 1191 679 gaudet
1202 629 1337 667 Ionicos
1347 641 1481 667 matura
1498 629 1614 680 virgo,
1637 630 1825 681 &fingitur
1845 642 1942 670 artu·

679 682 760 728 hus,
781 680 855 719 Iam
879 696 990 729 nunc,
1006 681 1040 719 e>
1054 681 1189 733 incestos
1207 693 1336 720 amores
1348 685 1387 720 de
1407 693 1514 720 tenero
1532 683 1711 721 meditatur
1728 683 1844 735 ungui.
1859 684 1944 731 Ho-

678 744 750 773 rat.
764 732 840 772 Od.
853 748 898 782 4,
915 734 992 782 111,
1010 747 1071 773 21.
1088 734 1245 774 SOLAN.

733 789 809 826 ead.
827 787 851 826 l,
867 801 924 835 14.
939 787 1142 841 Ἐπιψεκ.)
1157 787 1220 827 De
1240 787 1312 827 hac
1333 798 1432 827 voce
1451 787 1607 840 legenda
1627 788 1787 828 omnino
1809 788 1944 829 Xeno·

677 839 836 894 phontis
849 841 966 880 verba
976 842 1015 879 in
1029 842 1161 894 Symp.
1175 855 1211 895 p.
1226 841 1283 880 ed.
1295 840 1348 880 St.
1366 853 1452 889 5¹2,
1466 840 1490 880 l.
1505 840 1635 894 35‚’*Hv
1651 840 1699 881 ἒξ
1711 839 1794 892 ὖμῑν
1807 842 1840 881 οἱ
1852 842 1946 882 παῖ-

678 893 710 933 ὃ
711 908 748 933 ες
757 893 906 946 μικραῖς
925 894 1048 946 κύλιξι
1068 897 1195 933 πυκνὰ.
1215 893 1496 944 ἐπιψεκέιζωσιν
1521 892 1610 947 (ἵνα,
1624 895 1688 934 καὶ
1711 894 1788 948 ἐγὼ
1813 895 1847 935 ἐν
1862 900 1944 947 rop-

681 949 816 1000 γιείοις
830 943 988 999 ῥήμασιν
1010 947 1121 1000 εἴπω)
1142 945 1257 987 οὕτως
1278 947 1497 999 &c.Quod
1508 960 1558 987 eo
1577 949 1695 1000 magis
1709 948 1767 988 hic
1782 961 1946 989 monen-

680 1002 773 1040 dum
786 1000 878 1039 dux-i
890 1031 900 1047 ‚
917 1001 1006 1054 quia
1020 1000 1060 1040 Ρ.
1075 1001 1117 1041 &
1132 1001 1174 1040 L.
1188 1001 1297 1040 aliam
1317 1001 1377 1041 hic
1391 1002 1611 1053 scripturam
1629 1001 1825 1048 exhibent,
1838 1014 1945 1042 nem-

678 1067 728 1106 pe
743 1053 1069 1103 ἑπισκευίισιισαν,
1084 1067 1131 1094 ne
1144 1055 1205 1095 cui
1218 1053 1320 1094 forte
1331 1054 1526 1107 vulgatam
1539 1054 1628 1095 loco
1638 1068 1799 1096 movere
1812 1056 1945 1096 lubeat

679 1108 744 1147 hic
754 1106 989 1160 aptiffimam.
1005 1107 1162 1147 SOLAN.

737 1161 826 1212 Pag.
847 1162 970 1212 251.l.
987 1173 1019 1200 2.
1034 1160 1202 1214 Μάνην)
1219 1161 1274 1200 Ea
1286 1161 1388 1201 enim
1401 1171 1524 1201 aetate
1539 1160 1758 1214 frequenter
1766 1161 1945 1202 confule-

680 1214 833 1254 bantur.
844 1215 933 1254 Vid.
947 1214 1033 1254 Ael.
1049 1215 1237 1267 Lamprid.
1252 1215 1288 1254 in
1308 1214 1532 1255 Commodo
1547 1214 1563 1253 Ῑ
1571 1244 1585 1261 ,
1605 1231 1698 1268 quem
1716 1230 1831 1269 parem
1843 1218 1946 1269 astro-

681 1283 755 1307 rum
777 1267 876 1319 curfu
897 1269 1072 1307 Commodo
1083 1269 1322 1307 Mathematici
1336 1270 1586 1321 promittebant.
1608 1269 1650 1308 Id
1667 1271 1767 1308 enim
1794 1269 1851 1308 M.
1865 1270 1946 1309 Au-

679 1321 778 1361 relio
793 1321 1001 1374 imperante
1015 1320 1156 1362 saetam
1176 1321 1230 1362 est
1242 1353 1254 1371 ,
1274 1333 1356 1375 quo
1377 1334 1552 1375 tempore
1566 1321 1607 1361 &
1627 1322 1783 1363 Luciani
1797 1322 1946 1363 libellus

681 1375 815 1415 editus.
836 1375 993 1415 SoLAN.

736 1432 812 1468 ead.
830 1429 853 1468 l.
874 1442 932 1468 12.
951 1427 1215 1482 ’Κιθαρίζοντοι)
1239 1427 1301 1468 Est
1320 1428 1419 1468 inter
1440 1438 1680 1482 captatorum
1696 1439 1794 1468 artes
1816 1429 1947 1469 lauda-

683 1494 725 1522 re
739 1482 949 1535 voluptatis
972 1482 1161 1521 ministros
1180 1493 1297 1535 atque
1320 1482 1484 1522 artifices
1509 1482 1641 1522 servos
1659 1494 1823 1528 eorum,
1845 1496 1945 1536 quos

682 1536 944 1588 cap'tant.Vid.
960 1535 1100 1576 Plinius
1111 1535 1214 1589 epist.
1225 1550 1265 1586 7,
1281 1550 1344 1585 24,
1357 1549 1397 1587 7,
1413 1536 1478 1575 ubi
1490 1536 1672 1588 alienffmi
1683 1537 1829 1576 homines
1839 1537 1874 1575 ἱη
1885 1538 1946 1577 lw-

682 1605 793 1629 norem
820 1590 1057 1640 Quadratillae
1074 1604 1135 1643 per
1155 1591 1366 1629 adulationis
1379 1589 1523 1643 officium
1541 1591 1577 1628 in
1601 1591 1764 1630 theatrum
1779 1593 1942 1643 cutfitant

679 1643 756 1683 &a
769 1642 895 1683 stN.

737 1697 814 1735 ibid.
829 1696 889 1735 Ἐκ
901 1694 968 1735 τοῦ
976 1696 1229 1751 πράγματος)
1243 1696 1347 1736 Idem
1360 1696 1422 1737 hic
1432 1696 1532 1736 foret
1546 1695 1580 1736 ἐν
1592 1696 1644 1747 τῷ
1653 1695 1875 1750 πράγματι.
1887 1697 1944 1738 Α·

683 1749 888 1803 ristophan.
903 1750 998 1789 Plut.
1014 1751 1101 1804 348,
1112 1747 1184 1788 ”Em
1201 1751 1281 1801 ’γάρ
1293 1764 1369 1796 τις,
1379 1748 1426 1789 ἔνι
1439 1749 1601 1790 κίνΣυνος
1612 1751 1646 1790 ἑν
1656 1750 1709 1801 τῷ
1720 1751 1947 1804 πράγματα.

681 1803 795 1843 Plura
807 1804 882 1842 dari
895 1803 1060 1858 poffemg
1076 1805 1116 1842 ni
1131 1803 1314 1856 temporis
1325 1803 1496 1856 angustia
1509 1804 1736 1857 prohiberet.
1753 1804 1895 1844 RHTz.

740 1861 811 1896 ead.
826 1858 848 1895 l.
865 1871 876 1895 1
889 1871 921 1911 3.
936 1859 1006 1910 Χρὶι
1019 1859 1079 1896 οὐν
1092 1860 1274 1909 χερσαίου
1287 1858 1494 1909 βατράχου
1505 1856 1570 1911 -)
1580 1858 1742 1896 Videtur
1754 1858 1944 1898 Lucianus

684 1910 789 1952 abuti
808 1924 909 1950 voce
929 1911 1111 1964 χερσαίου
1132 1911 1335 1963 βατράχου
1357 1910 1434 1950 hoc
1453 1911 1568 1959 loco,
1592 1911 1631 1950 &
1653 1924 1720 1964 pet
1740 1911 1776 1950 id
1797 1924 1942 1951 nomen

682 1965 808 2015 φρύνον
824 1964 1063 2012 intellexisse,
1085 1965 1159 2003 hoc
1181 1964 1235 2004 est
1254 1966 1420 2011 rubetam,
1435 1965 1538 2017 quod
1556 1965 1693 2004 animal
1708 1964 1944 2005 *comentiffi-

684 2031 747 2057 me
760 2019 906 2058 clamat.
924 2019 1022 2057 Nam
1035 2031 1147 2058 ranae
1162 2017 1373 2066 terrestres,
1386 2031 1486 2071 quae
1505 2019 1544 2057 in
1558 2017 1744 2070 segetibus
1757 2019 1796 2058 δι
1808 2017 1941 2072 paffim

681 2072 954 2117 inveniuntur,
977 2072 1121 2111 nullam
1136 2072 1313 2111 emittunt
1329 2085 1472 2111 vocem
1485 2101 1496 2117 ‚
1515 2072 1679 2112 clamant
1694 2082 1843 2111 tantum
1860 2073 1944 2119 e'ae,

685 2138 789 2177 quae
809 2126 844 2164 in
862 2125 1062 2178 paludibus
1079 2126 1119 2165 δι
1141 2127 1249 2178 aquis
1267 2126 1426 2178 degunt,
1447 2127 1567 2165 immo
1587 2127 1743 2179 proprie
1762 2137 1843 2165 non
1865 2126 1944 2166 cla·

685 2192 808 2219 mant:
825 2192 912 2218 nam
928 2192 1009 2219 vox
1023 2210 1034 2227 ,
1048 2193 1161 2232 quam
1175 2179 1372 2226 emittunt,
1386 2191 1463 2218 non
1477 2179 1696 2231 concipitur
1709 2180 1745 2218 in
1759 2180 1940 2230 pettore,

671 2232 745 2273 .sed
758 2234 795 2272 in
805 2245 874 2272 ore
885 2263 894 2279 ,
910 2232 1060 2272 admiffa
1073 2246 1171 2285 aqua
1182 2262 1193 2281 ,
1205 2244 1248 2272 ut
1262 2244 1368 2272 notat
1382 2232 1474 2272 Plin.
1493 2233 1534 2272 L.
1551 2233 1627 2280 XI,
1640 2245 1673 2271 c.
1687 2247 1735 2285 37
1748 2233 1789 2272 δι
1805 2246 1864 2284 51.
1875 2233 1944 2272 Er·

684 2300 736 2339 go
747 2286 884 2339 procul
902 2287 1021 2326 dubio
1033 2287 1224 2326 Lucianus
1235 2300 1302 2340 per
1319 2287 1499 2339 χερσαίου
1509 2286 1713 2339 βασι-’μάχου
1724 2287 1870 2325 rubetam
1885 2287 1943 2326 in-

683 2341 838 2380 tellexit.
855 2340 987 2380 ΡΑιΜ.
1003 2340 1158 2393 Repetit
1172 2340 1269 2379 libro
1284 2339 1463 2380 adversus
1477 2339 1672 2379 indoetum
1687 2352 1718 2379 c.
1733 2353 1793 2379 20.
1807 2341 1941 2380 Kusr.

739 2394 830 2446 Pag.
852 2408 938 2447 252.
960 2395 984 2433 l.
1003 2409 1034 2447 3.
1049 2395 1182 2445 Ἠρέμα
1204 2394 1266 2432 καὶ
1286 2392 1448 2446 γελοῖον)
1470 2393 1688 2446 Legendum
1709 2392 1762 2432 est
1785 2391 1940 2434 fortafle

682 2442 769 2500 οὐχ’
781 2444 894 2498 ἧρέμοι
907 2449 1061 2500 γελοῖον.
1081 2448 1218 2487 BROD.
1231 2447 1449 2487 Ridiculum
1465 2446 1539 2486 effe
1557 2448 1630 2494 ait,
1648 2445 1676 2486 fi
1696 2446 1780 2499 quis
1800 2445 1941 2487 unfihls

684 2500 725 2539 δι
740 2512 948 2539 coronatus
960 2500 1097 2547 sedeat,
1111 2501 1299 2554 simulque
1313 2500 1461 2547 esuriat,
1476 2513 1546 2540 nec
1561 2513 1641 2554 quo
1653 2500 1850 2539 latrantem
1865 2499 1941 2540 sto-

684 2554 860 2595 machum
874 2554 1015 2608 placet,
1033 2554 1181 2597 habeat.
1194 2558 1238 2592 Tb
1250 2555 1318 2607 μὲν
1331 2556 1410 2608 γὰρ
1423 2554 1520 2608 λιμῷ
1539 2554 1692 2607 ξυνέντα.
1703 2584 1715 2604 ,
1729 2554 1792 2594 καὶ
1805 2552 1844 2596 νὴ
1860 2555 1940 2595 Δία.
