2015 3490
315 242 1097 289 CONTEMPLANTES.
1285 262 1337 308 Β

64 329 254 407 ὖπερανω
280 335 516 405 πετόμενοι,
543 338 562 384 ὁ
588 357 664 402 μεν
691 337 918 402 ἐμπίπτων
945 332 1200 395 ὲκπληττει,
1224 336 1341 388 ἐνίοτε

64 434 143 462 και
162 409 446 472 ὑποπτησσειν
463 413 582 462 ποιεῖ
605 410 695 459 αἵδ’
711 410 915 466 ἐλπίδες
897 432 999 460 υπεο
1015 422 1221 472 κεφαλῆς
1235 419 1340 464 αἰω-

64 509 256 560 ρουμεναι
269 525 279 542 ,
302 486 417 537 ὅποτ’
444 509 496 536 αν
525 485 736 576 μάλιστα
768 486 904 544 οἳηταί
929 509 992 542 τις
1021 486 1339 551 ὲπιληψεσθαι

66 586 226 618 αυτων,
247 561 568 656 ἀναπτάμεναι
575 563 780 623 οίχονται,
800 583 1029 625 κεχηνοτας
1053 561 1202 620 αὐτους
1221 569 1340 614 απο-

66 639 278 690 λιποῧσ-αι
290 675 300 692 ,
320 637 420 704 οπερ
434 660 509 688 και
527 660 591 687 τον
605 636 836 688 Τάνταλον
851 636 972 687 κατ-ω
989 660 1229 700 πασχοντα
1244 639 1338 710 ὁρας

64 710 148 765 ὑπο
169 714 239 764 τοῧ
266 711 427 770 υὸατος.
447 700 536 764 Ην
557 712 598 762 δ’
623 717 834 779 ἀτενίσῃς,
859 712 1046 779 κατοψει
1068 736 1144 764 και
1166 715 1267 766 Μοι
1261 737 1336 785 ρας

65 786 154 841 ἂνω
175 786 532 846 επικλωθουο-ας
519 811 692 859 emoto-up
712 813 778 840 τον
798 787 1026 861 ατρακτον,
1047 791 1133 842 αὔ
1155 814 1200 841 ου
1219 788 1336 881 ἡρτῆ-

65 865 187 918 σθαι
213 861 488 957 Ξυμβέβηκεν
519 862 723 922 απαντας
743 887 791 916 εκ
809 879 982 917 λεπτων
1008 889 1211 954 νηματων.
1241 870 1337 959 ὁρας

65 941 309 1008 καθαπερ’
288 964 479 1012 αραχνια
497 963 590 992 τινα
609 942 935 1001 καταβαίνοντα
955 943 1026 1004 '2:55’
1049 963 1224 994 εκαο-τον
1243 938 1335 993 olm

67 1041 148 1069 των
173 1039 419 1089 ατρακτωνς

143 1109 261 1144 ΧΑΡ.
286 1092 405 1165 Ορω
422 1117 536 1145 πανυ
558 1089 714 1144 λεπτον
727 1091 905 1181 ἔκαε-τῳ
925 1117 1061 1184 νημα
1054 1095 1336 1158 επιπεπλεγ-

66 1191 182 1240 μενον
201 1190 257 1233 γε
278 1192 338 1220 τα
359 1166 542 1224 πολλα,
557 1170 672 1220 τοῦτο
695 1191 770 1238 μεν
793 1171 952 1240 εκείνῳ,
971 1173 1093 1222 ἐκεινο
1116 1161 1160 1220 δε
1181 1168 1334 1221 αλλω.

146 1261 263 1298 EPM.
287 1245 472 1303 Eine-reor
483 1283 494 1299 ‚
513 1270 546 1295 ω
526 1241 753 1317 πορθμεῦ·
761 1267 968 1332 ειμαρται
984 1269 1077 1314 γαρ
1093 1249 1229 1316 εκείνῳ
1243 1268 1334 1316 μεν,

66 1344 150 1372 voro
169 1344 311 1371 τουτου
326 1320 575 1383 ὒονευθηναι
594 1343 726 1392 του-τῳ
743 1312 844 1376 ὃε,
827 1326 900 1373 υπ’
917 1325 1078 1373 αλλου
1095 1345 1173 1373 και
1189 1334 1336 1414 κληρο-

66 1420 246 1466 νομησαι
269 1419 325 1461 γε
348 1421 484 1449 τουτον
505 1419 581 1465 μεν
610 1399 756 1448 ἐκείνου
771 1434 783 1451 ,
805 1420 894 1449 οτου
917 1421 968 1450 αν
993 1407 1014 1462 ᾗ
1038 1397 1264 1470 μικρότερον
1288 1420 1336 1448 το

67 1487 194 1542 νημα
227 1475 367 1525 ὲκεινον
392 1467 437 1524 ὃε
466 1480 522 1523 αὐ
548 1471 702 1524 τουτου·
730 1472 872 1525 τοιόνδε
901 1495 993 1544 γαρ
1014 1496 1051 1524 τι
1077 1476 1098 1534 ἦ
1122 1466 1337 1533 ἐπιπλοκῆ

67 1609 254 1662 perplexa
273 1609 493 1658 haesitatio,
516 1609 557 1649 δε
573 1609 756 1649 avaritia:
785 1608 846 1649 sed
865 1620 991 1649 metus
1014 1608 1054 1649 δε
1077 1609 1162 1663 spes
1180 1610 1343 1664 superne

68 1671 299 1721 volitantes,
318 1671 386 1712 'ille
408 1672 568 1726 quidenr
581 1672 749 1712 incidens
774 1683 942 1711 mentem
965 1673 1140 1720 excutit,
1161 1685 1343 1712 nonnun-

68 1746 189 1787 quam
212 1733 252 1773 &
275 1745 481 1787 paventem
509 1733 739 1774 contrahere
754 1732 792 1772 se
807 1732 920 1781 facit3
945 1733 1017 1773 hae
1040 1746 1138 1774 vero
1158 1734 1344 1787 capitibus

69 1794 332 1844 imminentes,
363 1795 431 1835 ubi
457 1796 622 1836 maxime
645 1795 730 1849 quis
756 1805 868 1848 putat
890 1793 928 1835 se
952 1795 1230 1849 prehensurum
1258 1810 1346 1846 eas,

72 1858 236 1897 avolant
247 1869 424 1912 repente,
442 1856 667 1910 hiantesque
681 1856 910 1905 destituunt3
931 1858 1038 1910 quod
1051 1856 1173 1911 ipsum
1188 1858 1228 1897 &
1243 1859 1347 1898 Tan-

71 1918 153 1958 talo
175 1919 286 1959 vides
308 1919 477 1960 accidere
500 1919 603 1972 apud
623 1918 770 1958 inferos
789 1919 837 1958 ab
852 1931 953 1971 aqua
968 1917 1149 1971 fugiente.
1176 1919 1302 1972 Quod
1317 1920 1346 1959 fi

72 1981 192 2021 aciem
216 1981 440 2030 intenderis,
466 1980 678 2034 conspicies
702 1982 818 2020 etiam
845 1981 981 2021 Parcas
1008 1980 1165 2021 stamina
1191 1981 1347 2035 fingulis

72 2044 229 2085 versato
256 2044 487 2084 deducentes
514 2043 600 2085 fuso
617 2075 629 2092 ‚
659 2043 762 2084 unde
790 2056 914 2083 nexos
946 2044 1112 2096 pendere
1141 2046 1346 2098 contingat

74 2119 212 2146 omnes
223 2120 272 2146 ex
286 2106 466 2145 tenuibus
482 2105 574 2146 filis:
599 2105 765 2146 videnne
779 2106 887 2160 quafi
901 2119 1130 2147 aranearum
1146 2105 1212 2145 fila
1230 2119 1346 2160 quae-

73 2168 161 2208 dam
180 2169 220 2207 in
244 2167 414 2221 singulos
436 2181 458 2207 a
481 2167 571 2208 fufis
598 2167 777 2208 demissa?

133 2232 234 2270 Char.
256 2230 391 2270 Cerno
406 2230 666 2271 tenuiffimum
687 2230 899 2283 unicuique
920 2230 1050 2270 licium
1065 2229 1257 2279 additum,
1276 2230 1347 2270 im-

75 2290 311 2345 plexumque
335 2301 379 2329 ut
403 2289 613 2343 plurimum
632 2291 710 2330 hoc
734 2289 788 2329 illi
802 2321 820 2339 ‚A
835 2289 927 2329 illud
946 2290 1022 2329 alii.

133 2357 244 2394 Merc.
274 2354 322 2393 Et
338 2353 422 2393 iure
444 2354 600 2407 quidem
614 2384 633 2400 ,,
652 2352 846 2393 Portitor:
874 2366 962 2393 nam
986 2352 1040 2392 illi
1066 2351 1179 2392 fatale
1201 2352 1279 2400 est,
1298 2353 1348 2392 ab

78 2416 154 2456 isto
176 2426 222 2456 ut
247 2416 474 2465 occidatur3
500 2416 579 2464 isti,
605 2427 649 2456 ut
672 2417 720 2455 ab
742 2417 844 2456 alio:
876 2416 967 2456 huic
988 2429 1109 2464 vero,
1136 2428 1181 2456 ut
1203 2416 1350 2455 heredi==

78 2489 197 2518 tatem
218 2479 329 2518 adeat
351 2479 458 2527 eius,
483 2480 592 2520 cuius
619 2479 776 2519 brevius
803 2478 848 2519 stt
869 2478 1006 2527 filu1n3
1042 2478 1099 2518 isti
1126 2489 1286 2526 contra,
1306 2491 1351 2518 ut

78 2539 200 2584 illius:
224 2539 299 2582 tale
323 2541 431 2586 enim,
444 2542 625 2596 quiddam
644 2554 803 2584 mutuus
825 2543 1016 2598 implexus
1039 2543 1234 2596 fignificat.
1256 2542 1353 2582 Pera

1011 2606 1053 2646 D
1085 2622 1105 2660 3

1367 725 1426 772 16
