2015 3490
638 229 732 279 3&
830 212 1699 262 ANNOTATIONES

634 317 742 355 μυρις
759 302 798 343 &
812 305 974 354 Τώμυρις
988 301 1212 355 proposuit;
1228 316 1309 356 quo
1321 303 1462 343 indicio
1474 314 1577 357 patet
1587 333 1600 349 ,
1615 303 1690 344 hoc
1708 308 1832 358 aeque
1842 313 1896 345 at-

634 369 714 408 que
732 356 823 396 illud
847 358 888 394 in
914 357 1064 396 Lexicis
1086 357 1332 408 antiquorum
1354 359 1556 396 inventum
1582 356 1702 396 fuisse.
1728 358 1829 398 Cum
1856 360 1895 397 in

638 409 769 448 Amm.
781 410 1007 449 Marcellino
1021 410 1149 450 xxm
1159 441 1171 458 ,
1185 411 1231 456 6,
1249 423 1285 461 p.
1305 409 1378 462 398
1389 439 1401 455 ‚
1416 410 1718 463 Lindenbrogius
1735 412 1896 464 exprimi

637 461 791 502 iuffiffet
810 464 984 513 Tamyris,
1000 463 1212 515 repudiavit
1233 463 1332 502 illam
1354 462 1556 502 leffionem
1571 462 1644 502 fide
1661 464 1898 503 membrana-

638 528 726 555 rum
739 517 850 556 nixus
861 517 982 556 Henr.
994 515 1190 555 Valesius:
1205 516 1317 568 idque
1330 517 1412 556 iure
1426 515 1568 555 fadum
1582 517 1758 563 arbitror,
1772 530 1898 570 neque

639 569 736 608 adeo
749 569 972 622 reprehendi
987 568 1154 609 debuisse
1166 569 1213 608 ab
1222 569 1406 609 1s.Voffio
1416 570 1460 608 ad
1472 570 1602 614 Iust.1,
1615 569 1652 617 8,
1672 570 1771 621 apud
1781 583 1899 622 quem

639 622 681 661 &
694 622 789 662 alios
801 623 890 662 item
909 623 1063 662 Latinos
1083 622 1285 675 scriptores
1296 623 1383 662 licet
1397 622 1579 671 {lufiuare
1598 623 1716 662 libros
1733 624 1900 676 Bongar-

639 674 718 714 fius
732 676 950 725 admoneat,
962 675 1183 715 Franciscus
1195 686 1323 715 tamen
1336 675 1650 729 Oudendorpius‚
1664 677 1726 714 vir
1740 689 1900 716 accura-

640 727 775 768 tiffima
787 729 959 768 doGtrina
973 730 1163 782 praeditus
1174 760 1187 775 ,
1200 730 1245 768 ad
1257 729 1426 768 Frontin.
1442 729 1488 775 Π,
1503 742 1583 782 cap.
1605 742 1639 780 5,
1655 729 1670 778 §
1691 742 1724 778 ς,
1740 730 1900 782 Tomyrin

637 782 803 822 inveniri
814 782 970 822 testatur
989 785 1025 821 in
1045 783 1198 822 duobus
1213 782 1322 822 MSS.
1342 782 1472 822 Iustini
1486 796 1507 821 a
1521 782 1558 822 se
1578 781 1740 833 collatis,
1755 783 1794 822 δι
1815 784 1901 836 ple-

639 834 765 888 risque
779 837 935 888 optimis
954 836 1140 878 Frontinj.
1162 835 1428 875 Βασιλευοὺσης
1448 835 1644 887 Τεμὺριὲος
1663 836 1840 875 Eussathii
1853 837 1901 877 ad

641 887 809 940 Dionys.
826 890 968 941 Perieg.
983 904 1020 927 v.
1039 903 1116 942 739
1128 919 1142 935 ‚
1163 889 1240 928 fine
1253 889 1370 928 dubio
1386 889 1562 927 vitiatum
1579 888 1642 928 est.
1656 889 1795 929 Theon
1807 889 1902 929 Pro·

643 955 778 993 gymn.
790 957 827 996 p.
842 957 863 982 2
874 956 885 978 ¹
899 956 931 989 ι,
945 939 994 981 Οὔ
1005 945 1084 994 ‘72⁴3’
1097 943 1125 981 εἰ
1140 942 1290 994 Τόμυρις
1307 939 1325 983 ἦ
1342 943 1612 995 Μασσαγέτις,
1625 941 1643 981 ἰὶ
1662 943 1865 995 Σπαρέέρα
1880 941 1900 984 ἦ

641 995 814 1048 Ἀμώγου
829 995 896 1035 τοῦ
907 996 1038 1036 Σακῶν
1051 996 1236 1041 βασιλέως
1253 995 1346 1054 γυνὴ
1363 997 1533 1048 κρείττων
1548 996 1626 1034 ἐστὶ
1646 996 1754 1047 Κύρου
1770 1018 1814 1026 —-
1828 995 1901 1048 iv‘svn

641 1051 928 1102 συγχωρητέον,
947 1050 1012 1088 καὶ
1034 1052 1076 1088 τὶ)
1096 1048 1190 1089 θῆλυ
1206 1050 1273 1088 τού
1293 1046 1435 1101 α’ῤῥενος
1459 1044 1550 1088 εἶναι
1575 1048 1827 1100 ἀνδρειότερον·
1852 1049 1902 1089 ab

642 1102 851 1142 Herodoto
870 1103 1025 1142 alteram
1038 1133 1048 1150 ‚
1062 1103 1219 1142 alteram
1242 1116 1264 1141 a
1280 1102 1404 1142 Ctesia
1425 1101 1570 1149 sumsit3
1585 1103 1692 1142 cuius
1707 1103 1744 1140 in
1766 1103 1904 1142 Excer-

645 1156 719 1207 ptis
735 1170 770 1208 p.
787 1157 833 1209 63
843 1170 879 1207 5,
890 1156 1071 1209 Ἀμόργης
1083 1155 1156 1195 τῶν
1166 1156 1298 1196 Σακῶν
1309 1156 1376 1206 μὲν
1391 1155 1586 1201 βασιλεὺς,
1602 1156 1685 1206 ἀνὴρ
1695 1155 1740 1194 δὲ
1754 1158 1904 1206 Σπαρέ-

642 1213 746 1259 ἔφης,
756 1211 847 1262 quin
860 1211 957 1249 idem
970 1209 1030 1255 sit,
1047 1222 1091 1249 ac
1103 1209 1278 1249 Theonis
1289 1210 1477 1263 Ἀμώγης,
1489 1209 1652 1248 dubitari
1666 1221 1746 1248 non
1758 1208 1879 1260 potest
1891 1223 1904 1258 ;

641 1273 770 1315 neque
782 1263 1008 1316 repugnabo
1020 1293 1032 1309 ,
1046 1263 1074 1302 sl
1089 1264 1175 1315 quis
1189 1263 1291 1303 hunc
1311 1263 1584 1302 emendandum
1608 1261 1814 1310 censuerit3
1831 1275 1902 1302 eo-

642 1328 721 1367 que
736 1317 864 1356 minus
874 1347 886 1362 ‚
906 1318 1091 1368 quoniam
1107 1316 1221 1356 serius
1232 1317 1344 1356 etiam
1360 1317 1426 1355 sub
1441 1316 1564 1356 Dario
1577 1315 1689 1356 Sacas
1700 1317 1904 1356 invadente

643 1380 971 1410 commemoratur
983 1383 1004 1408 a
1018 1369 1218 1421 Polyaeno
1232 1370 1308 1408 VII
1320 1400 1331 1415 ‚
1345 1383 1378 1409 c.
1399 1384 1413 1408 1
1429 1383 1458 1416 ι,
1475 1369 1490 1418 §
1510 1368 1531 1407 8
1545 1399 1556 1415 ,
1570 1370 1665 1409 inter
1684 1382 1822 1409 eorum
1843 1382 1905 1409 re-

644 1434 709 1474 ges
722 1422 932 1476 Ὁμάργης,
947 1424 1014 1476 qui
1027 1423 1075 1463 ab
1088 1425 1278 1476 Amorge,
1294 1435 1336 1462 ut
1350 1422 1586 1476 perspicuum
1604 1422 1670 1470 est,
1689 1423 1770 1461 solo
1781 1423 1906 1462 litera-

642 1489 729 1516 rum
745 1478 879 1517 ordine
894 1477 1093 1529 discrepat:
1110 1488 1278 1517 ceterum
1302 1478 1395 1516 haec
1409 1476 1483 1529 ipsa
1504 1490 1661 1529 quoque
1675 1475 1822 1516 Ctefiae
1840 1476 1911 1515 de·-
1931 1484 1942 1497 ⁹

643 1530 724 1568 beri
735 1560 748 1576 ,
766 1531 860 1570 mihi
875 1544 954 1571 non
967 1530 1022 1570 est
1035 1531 1270 1583 ambiguum.
1283 1530 1513 1582 Tomyridis
1526 1543 1651 1569 autem
1673 1528 1909 1583 depravatis·
1949 1573 1958 1583 ἱ

644 1582 782 1623 fimum
797 1585 835 1623 in
847 1585 1071 1637 Theophilo
1091 1598 1231 1624 nomen
1252 1585 1297 1623 ad
1309 1584 1445 1624 Autol.
1460 1583 1513 1622 ΙΙΙ
1524 1614 1535 1631 ,
1551 1597 1632 1636 cap.
1651 1584 1720 1630 26,
1734 1584 1908 1623 correxit

643 1636 803 1676 Simson.
818 1639 861 1677 ad
879 1639 926 1678 A.
941 1640 997 1678 M.
1014 1639 1114 1690 3476
1126 1652 1137 1686 3
1150 1639 1211 1678 cui
1230 1638 1354 1677 Fellus
1375 1636 1578 1677 obsecutus
1601 1638 1697 1677 bene
1721 1637 1908 1689 publicari

643 1692 816 1738 curavit,
841 1693 950 1742 Κύρου
976 1686 1033 1731 οὖν
1051 1692 1347 1737 βασιλεύσαντος
1367 1691 1466 1730 ἔτεσι
1492 1690 1556 1737 ποθ’,
1580 1691 1642 1729 καὶ
1666 1689 1909 1741 ἀναιρεθέντος

646 1738 720 1781 ὑπὸ
733 1744 931 1796 Τομύριέος
944 1745 978 1784 ἐν
993 1746 1254 1798 Μασσαγετίᾳ,
1266 1775 1278 1791 ,
1292 1745 1372 1785 five
1389 1745 1518 1797 potius
1530 1774 1540 1791 ,
1555 1744 1658 1796 quod
1675 1745 1792 1796 magis
1810 1744 1908 1783 arri-

644 1796 708 1836 det
724 1826 736 1844 ,
763 1798 1048 1851 Maccaysrisi·
1072 1798 1139 1837 nist
1162 1809 1289 1838 tamen
1310 1798 1590 1839 deliberandum
1613 1798 1744 1849 aliquis
1769 1808 1880 1851 putet
1895 1828 1909 1847 ,

644 1851 750 1903 quod
760 1853 850 1890 mihi
860 1851 947 1891 lane
960 1864 1128 1892 veterem
1141 1851 1358 1904 scripturam
1369 1852 1575 1891 attendenti
1586 1852 1761 1902 contigit,
1771 1863 1818 1890 an
1828 1864 1908 1890 non

644 1917 666 1943 a
684 1908 896 1960 laescwy‘yiq,
917 1905 1061 1945 facilius
1076 1907 1221 1946 oriatur
1244 1906 1474 1959 μισγαγκίᾳ
1494 1906 1556 1944 vel
1569 1905 1844 1957 (moe’yoeynsu'qt,
1861 1903 1909 1944 fi-

642 1959 797 2011 quidem
813 1961 851 1998 in
864 1960 1062 2011 Hesychio
1077 1973 1240 2012 quoque
1254 1960 1463 2012 Μισοιγγία
1478 1958 1578 1998 istius
1590 1959 1822 1998 Homericae
1835 1972 1909 1998 vo-

647 2012 701 2051 cis
717 2013 848 2052 locum
865 2015 1063 2063 occuparit
1077 2028 1086 2053 ;
1102 2012 1286 2066 significat
1297 2024 1424 2052 autem
1437 2013 1619 2051 convallem
1634 2012 1794 2064 aquofizm
1804 2012 1839 2050 6·
1848 2027 1910 2064 pa-

646 2066 777 2117 lustrem
787 2069 955 2107 montibus
964 2068 1173 2113 interieblam,
1183 2083 1266 2119 quae
1279 2067 1405 2106 delatos
1418 2067 1492 2105 inde
1503 2078 1658 2105 torrentes
1669 2067 1814 2116 recipiat.
1826 2064 1908 2104 Iam

645 2119 808 2160 multum
821 2121 940 2166 abest,
961 2132 1004 2160 ut
1019 2122 1133 2161 ceteri
1149 2133 1236 2160 cum
1249 2121 1456 2161 Herodoto
1470 2119 1685 2171 conspirent
1696 2149 1708 2165 ‚
1723 2119 1788 2172 qui
1801 2132 1909 2171 aper-

644 2184 687 2212 to
703 2175 848 2223 Marte,
864 2175 904 2215 &
926 2174 1155 2215 atrociffima
1178 2187 1305 2226 pugna
1325 2174 1476 2225 Cyrum
1498 2172 1715 2224 superatum
1736 2173 1907 2212 tradidit:

648 2227 770 2267 immo
782 2258 793 2274 ,
809 2228 834 2266 si
852 2227 944 2268 fides
959 2228 1103 2268 constat
1118 2228 1209 2275 illis,
1223 2241 1322 2280 quos
1335 2229 1509 2267 auetores
1529 2227 1741 2266 habuerunt
1752 2226 1910 2279 Trogus
1945 2244 1947 2246 ·

647 2282 687 2319 ὅ(
704 2281 921 2327 Frontinus,
934 2284 979 2321 ad
991 2295 1099 2322 notas
1112 2281 1325 2334 Maffagetis
1335 2280 1520 2334 angustias
1535 2279 1749 2330 permittas,
1765 2279 1908 2331 ibique,

646 2334 775 2386 positis
790 2336 824 2373 in
843 2336 1040 2375 montibus
1058 2336 1216 2381 insidiis,
1229 2349 1315 2375 cum
1342 2336 1512 2374 ducentis
1530 2334 1723 2373 Persarum
1746 2333 1911 2373 millibus

645 2389 855 2428 trucidatus
869 2391 1030 2429 interiit:
1050 2392 1149 2442 quae
1168 2400 1244 2428 tam
1261 2388 1485 2429 incredibilis
1504 2387 1627 2428 clades
1645 2387 1816 2427 accidere
1830 2399 1911 2426 non

646 2442 845 2493 potuisset,
861 2443 927 2481 nisi
951 2444 1160 2482 maximum
1181 2444 1448 2494 imperatorem
1474 2441 1568 2481 locis
1589 2439 1826 2492 'miquiffimis
1848 2440 1913 2479 de-

647 2496 873 2549 prehensum
889 2496 994 2537 fuiffe
1013 2496 1163 2539 statuas.
1184 2497 1285 2550 Ergo
1302 2496 1508 2536 abhorrere
1527 2507 1606 2537 non
1621 2495 1786 2543 videtur,
1800 2503 1842 2534 ut
1856 2493 1913 2532 hi·
1949 2525 1954 2531 .

1919 1462 1926 1478 l
