2015 3490
265 232 349 279 IN
399 230 1111 277 NECYOMANTIAM.
1226 247 1309 295 331

3 320 5 362 ζ
65 327 128 356 tur
140 314 313 368 Ulysses,
327 318 391 371 qui
405 329 464 358 tot
479 319 609 360 itinera
624 319 885 359 fecerat.Vide
901 319 998 359 infra
1013 333 1045 361 c.
1066 319 1102 359 8.
1122 319 1249 360 Cim.
1265 320 1319 360 V.

4 388 5 399 ¹
66 383 102 410 c.
114 369 137 408 8
147 399 158 416 ‚
171 371 255 418 ubi,
269 384 339 410 cur
354 371 422 410 ista
434 375 593 424 gestaret
603 403 616 419 ‚
630 384 766 412 narrat.
785 374 940 412 SOLAN.

123 425 194 462 ead.
207 424 232 462 l.
248 438 261 461 1
272 439 304 462 ι’..
314 421 411 463 Ἥκω
426 425 549 475 νεκρῶν
562 425 772 478 κευθμῶνα)
790 426 984 478 Euripides
995 427 1032 465 in
1052 426 1210 466 Hecuba
1222 440 1261 464 v.
1284 440 1316 464 1.

68 476 207 516 BROD·
227 477 312 516 Hos
327 477 457 518 versus
469 478 518 517 sic
537 479 721 518 transtulit
736 480 900 518 Ennius:
919 481 1051 530 Adfizm
1065 492 1163 532 atque
1176 477 1319 519 advenio

69 531 261 569 Acherunte
275 531 336 569 vix
347 562 358 578 ,
376 533 434 569 via
451 535 523 570 alta
544 546 641 584 atquc
653 535 759 570 ardu-2
773 533 840 570 Per
851 533 1031 585 speluncas
1043 533 1162 583 saxeis
1173 537 1318 584 *siruflas

67 583 213 634 aspereis
225 586 442 636 pendentibus
462 588 677 632 Maxumas,
699 586 756 623 ubi
773 586 880 637 rig-iai:
897 589 1023 637 constat
1035 588 1144 637 caligo
1162 586 1319 636 inferum.

6 667 7 670 η
68 636 240 676 BOURD.
263 638 446 677 Hecubae
460 638 650 690 Euripidis
670 639 816 678 initium
827 668 838 686 ‚
852 641 957 691 quod
973 640 1127 691 parodia
1142 639 1217 678 risit
1232 640 1321 678 Ari-

68 689 268 741 stophanes
282 691 319 729 in
333 691 361 730 F
365 704 479 744 ragin.
500 692 598 744 apud
616 692 756 732 Athen.
774 706 808 744 p.
829 706 900 731 112
922 693 962 731 E.
980 693 1089 732 Ennii
1105 691 1319 733 versionem

66 743 221 784 exhibet
236 742 521 784 Cicer.Tuscul.
536 745 571 791 1,
586 746 640 786 16.
655 746 811 784 δοῖ-ΑΝ.

121 797 214 848 Pag.
235 811 267 835 2.
285 799 307 836 l.
321 812 353 850 3.
373 795 450 836 Οὐκ
465 798 551 836 ἀλλ’
566 799 669 845 ἃς.)
693 799 750 837 Ex
764 798 939 852 Euripide
955 799 1114 847 iterum;
1135 797 1195 837 sed
1211 797 1321 837 locus

68 861 134 890 aur
150 850 256 902 periit
266 881 277 898 ‚
290 863 356 890 aut
368 864 428 890 me
440 850 547 903 fugit.
563 852 719 891 SOLAN.

119 904 198 941 ibid.
209 903 337 944 'Alsns
354 905 396 952 μ’
417 904 608 958 eseiam)
634 905 748 957 ipsius
763 905 951 958 Euripidis
973 904 1204 944 verficulus:
1232 904 1272 943 &
1290 903 1323 941 is

68 969 249 1009 quoque,
274 959 336 996 καὶ
359 961 497 1008 δράκα-ος
519 957 585 997 τοῦ
606 960 678 998 νέου
699 957 789 1012 (τῆς
813 959 1010 1012 νεότητος)
1035 960 1157 997 πλέον.
1181 958 1322 997 BROD.

67 1010 312 1050 scribendum
327 1011 681 1058 videtur'Ai‘soveb5‚
695 1022 738 1050 ut
752 1011 819 1050 stet
830 1013 1006 1050 senarius.
1024 1011 1190 1051 GUYET.

123 1067 195 1102 ead.
208 1064 232 1103 l.
247 1064 282 1103 6.
295 1065 431 1105 Νεότινς
442 1087 486 1094 -
499 1066 563 1103 τοῦ
573 1065 665 1118 νέου)
680 1066 724 1104 Et
738 1066 798 1104 hic
811 1064 976 1104 senarius
987 1064 1056 1104 est:
1069 1068 1111 1103 το
1128 1063 1183 1104 νοῦ
1195 1063 1321 1115 postu-

66 1115 118 1155 lat
128 1115 299 1156 senarius
316 1118 356 1158 δι
374 1117 556 1158 sententia
567 1130 770 1171 praeterea.
784 1118 951 1158 Gm-m.
964 1118 1232 1171 Fragmentum
1242 1117 1324 1157 An-

66 1170 269 1210 dromedae
283 1171 467 1224 Euripidis
482 1185 516 1223 p.
532 1185 624 1223 451,
638 1186 676 1211 v.
695 1187 756 1225 23.
768 1172 925 1211 SOLAN.

122 1224 202 1263 ibid.
213 1223 282 1262 Τοὗ
297 1228 369 1263 νέου
382 1225 518 1277 πλέον)
532 1225 600 1263 Καὶ
613 1225 748 1277 δράσας
769 1225 835 1263 τοῦ
848 1228 920 1264 νόου
933 1225 1058 1264 πλέον.
1074 1225 1262 1265 MARCIL.
1276 1225 1322 1265 In

33 1320 36 1328 ¹
67 1275 144 1316 hoc
158 1277 268 1318 versu
281 1278 459 1332 Tragici,
473 1279 656 1328 Nsc‘nnm'
669 1279 792 1331 ἐπῇρε,
805 1280 868 1317 καὶ
880 1279 1015 1330 δράσας
1029 1278 1098 1317 τοῦ
1109 1280 1181 1319 νέου
1194 1280 1323 1327 πλέον,

68 1330 152 1383 lege
164 1344 212 1370 ex
226 1330 294 1370 Ms.
309 1334 445 1371 Νεότης
457 1333 499 1382 μ’
513 1331 624 1384 ἐτη-ἦρε
634 1362 648 1378 ,
661 1333 723 1371 καὶ
736 1332 870 1382 δράσας
884 1331 951 1371 τοῦ
966 1332 1023 1371 νοῦ
1035 1333 1154 1371 πλέον.
1168 1334 1323 1371 Novitas

69 1385 114 1422 rei
124 1400 173 1423 me
186 1386 361 1431 incitavit,
375 1386 409 1424 δ’
427 1387 573 1425 audacia
587 1387 718 1424 animae
730 1387 847 1438 magis.
864 1386 1034 1426 GRAEV.
1044 1384 1114 1425 Τοῦ
1126 1384 1184 1425 νοῦ
1199 1387 1327 1425 omni·

65 1449 124 1476 no
138 1437 337 1490 legendum
355 1452 442 1479 cum
457 1439 513 1478 ed.
529 1441 558 1477 Ι.
574 1440 613 1479 &
636 1439 720 1478 Mff.
736 1439 808 1479 Gr.
833 1440 870 1478 P.
890 1440 931 1478 L.
952 1440 1031 1478 Alii
1045 1452 1180 1478 omnes
1200 1440 1326 1479 Codd.

69 1490 247 1531 mendose
260 1505 327 1532 aut
340 1492 407 1531 τοῦ
422 1492 511 1539 νέου,
526 1504 591 1531 aut
603 1492 669 1531 τοῦ
681 1491 763 1530 νεοῦ.
783 1489 1087 1546 Repudiavimus
1099 1504 1224 1532 autem
1238 1494 1325 1544 δρά-

69 1558 130 1583 σον
142 1544 212 1583 Ms.
226 1545 295 1585 Gr.
306 1556 349 1585 ut
362 1546 585 1589 mendosum
597 1545 797 1586 manifeste.
813 1547 933 1586 Reae
944 1546 1081 1600 legitur
1094 1547 1196 1599 apud
1209 1546 1326 1587 Grot.

69 1596 173 1638 Flor.
189 1611 258 1638 201
278 1598 361 1639 AB.
376 1600 531 1639 SOLAN.
542 1635 554 1640 ἢ

125 1655 198 1693 ead.
212 1653 234 1691 l.
252 1652 287 1691 8.
299 1655 481 1698 Καταβὲις
492 1655 569 1693 ἀπὸ
582 1652 653 1692 τῶν
667 1652 865 1707 ἰαμβείων)
883 1652 1002 1704 Quos
1017 1653 1053 1692 in
1070 1651 1179 1692 scena
1192 1652 1326 1705 profe->

69 1715 196 1745 rentes
211 1705 410 1746 histriones
424 1707 622 1746 altioribus
634 1707 831 1747 cothurnis
843 1707 1033 1746 incedunt.
1055 1707 1193 1746 BROD.
1205 1706 1325 1758 Apul.

71 1759 232 1798 Metam.
245 1760 277 1806 I,
291 1774 328 1812 p.
342 1774 385 1810 7:
401 1763 472 1800 Oro
486 1772 527 1807 te,
542 1761 691 1814 inquam,
704 1763 860 1800 aulaeum
871 1762 1035 1812 tragicum
1047 1761 1221 1807 dimoveto,
1234 1762 1324 1811 &si-

66 1812 200 1865 parium
214 1813 383 1864 scenicum
395 1815 590 1867 complicato
600 1844 613 1861 ,
631 1815 666 1853 δ’
678 1817 754 1854 cedo
773 1815 879 1853 verbis
898 1815 1142 1853 communibus:
1166 1814 1218 1852 ibi
1244 1813 1324 1852 Pri-

70 1878 184 1906 caeus
196 1868 297 1907 hunc
307 1867 435 1908 locum
448 1899 459 1917 ‚
474 1868 514 1907 δι
529 1868 636 1921 plura
655 1867 860 1908 sententiae
878 1867 1004 1907 similis
1023 1869 1234 1907 annotavit.
1248 1867 1326 1906 Re-

71 1919 130 1960 &e
145 1933 242 1960 vero
254 1921 360 1960 iubet
373 1922 610 1967 καταβαίνειν
626 1922 703 1961 ἀπὸ
717 1921 787 1961 τῶν
799 1921 987 1971 ἰαμβείων,
999 1935 1113 1974 quem
1127 1921 1323 1960 sublimio-

63 1986 115 2013 ‹re
126 1973 234 2013 velut
248 1975 463 2014 iamborum
478 1987 595 2015 curru
607 1977 763 2016 vectum
778 1975 1000 2014 descendere
1014 1976 1096 2014 vult
1110 1981 1155 2013 ad
1171 1976 1324 2013 oratio-

73 2039 161 2066 nem
175 2027 378 2080 pedestrem
391 2058 404 2074 ,
417 2041 531 2081 atque
544 2029 639 2069 adeo
651 2040 831 2081 tanquam
850 2029 1006 2081 pedibus
1021 2029 1256 2068 incedentem
1274 2027 1327 2067 fa·

74 2080 208 2120 miliari
231 2095 341 2121 more
364 2082 556 2135 colloqui:
581 2082 714 2122 versus
736 2094 861 2122 autem
885 2081 989 2135 quasi
1014 2082 1234 2121 vehiculum
1257 2083 1326 2119 ali-

75 2135 181 2186 quod
193 2136 376 2175 orationis
389 2135 542 2188 speclari
552 2135 843 2176 observavimus
858 2136 902 2175 ad
917 2136 1041 2175 Prom.
1057 2149 1086 2175 c.
1103 2136 1135 2173 6.
1151 2134 1270 2187 (Vol.
1286 2135 1325 2183 Ι,

66 2200 163 2240 pag.
180 2188 286 2242 216.)
304 2189 615 2241 Interpunfflone
625 2219 637 2235 ,
650 2202 751 2242 quae
762 2190 904 2229 cunflis
915 2190 951 2227 in
964 2190 1043 2228 edd.
1058 2188 1139 2241 post
1152 2189 1326 2237 ἰαμβείων

71 2241 286 2289 invenitur,
309 2242 450 2282 sublata
472 2243 629 2295 iungere
651 2243 737 2282 licet
759 2243 857 2282 haud
874 2243 1137 2289 incommode,
1155 2244 1247 2294 λέγε
1269 2239 1326 2280 οὺ-

64 2295 167 2336 -τωσί
177 2309 258 2335 πως
271 2295 405 2336 ἅπλῶς
418 2296 473 2336 τίς
489 2293 506 2337 ἦ
523 2293 658 2344 στολῆ;
675 2298 838 2335 HEMST.

128 2351 200 2387 ead.
213 2350 237 2387 l.
253 2363 267 2388 1
282 2363 310 2388 1.
328 2349 438 2402 Χρειώ
453 2364 503 2400 με
519 2349 580 2403 κ.)
596 2351 794 2389 Homerus
814 2349 890 2389 Od.
911 2355 957 2396 Λ,
975 2348 1059 2401 163.
1074 2349 1212 2388 BROD.
1236 2348 1325 2388 Mo-

75 2402 162 2441 nuit
175 2403 286 2441 etiam
303 2403 493 2455 Hartung.
506 2402 617 2442 Thes.
628 2403 722 2442 Crit.
734 2404 782 2443 T.
795 2404 854 2450 11,
871 2416 906 2455 p.
923 2402 1011 2454 698.
1025 2403 1185 2441 HEMST.

129 2458 200 2494 ead.
215 2457 237 2492 l.
260 2469 273 2493 ι
285 2471 316 2508 3.
331 2456 433 2495 Ἀλλ’
448 2456 489 2509 33)
516 2457 603 2496 Hoc
621 2467 783 2496 accentu
796 2488 807 2503 ‚
822 2457 888 2507 qui
901 2456 1166 2508 plerarumque
1178 2455 1230 2495 est
1243 2455 1325 2496 edd,

72 2505 223 2551 servato
234 2508 358 2551 sensus
370 2511 442 2551 erit
454 2510 631 2565 oratione
647 2511 786 2552 direda
800 2538 810 2559 ‚
826 2510 880 2549 Ac
897 2521 933 2549 tu
942 2508 1087 2563 profeHo
1101 2510 1242 2549 deliras:
1258 2522 1324 2548 ve.
