2015 3490
661 237 752 300 334
851 230 1727 284 ANNO·TAT'10NES

656 325 782 364 hastae
799 323 914 364 nostri
927 336 1182 365 narrationem
1196 326 1337 365 accedit
1352 325 1451 365 Gell
1464 326 1513 365 N.
1529 326 1578 364 A.
1591 326 1682 374 XV,
1699 327 1757 367 16.
1766 327 1917 367 Verum

656 372 928 417 Lustathiusad
940 378 1108 429 Dionys.
1120 378 1262 431 Perieg.
1277 393 1317 419 v.
1333 380 1419 431 369,
1432 379 1521 418 dum
1533 381 1743 419 concinnae
1753 379 1919 420 brevita-

653 433 703 470 tis
715 431 951 482 sophisticum
973 444 1134 471 acumen
1149 431 1322 477 affeaat,
1342 445 1470 491 paene
1481 433 1658 472 ridiculus
1669 433 1807 472 evasit:
1822 433 1918 472 ἁπο-

655 485 846 530 commeat:
869 484 1006 534 ἓένὸρω
1030 489 1101 523 τὰς
1124 484 1279 538 χεῖρας,
1299 485 1333 524 ἐν
1351 485 1402 534 τῷ
1422 499 1489 524 της
1503 485 1636 525 οἰκείας
1656 485 1777 537 ῥώμης
1794 485 1918 538 weipi-

600 563 607 570 ι
656 541 777 583 oetan,
791 538 1134 589 σφιγκτῳῦεινέιτῳ
1144 553 1206 576 τον
1218 538 1290 582 βίον
1303 537 1536 590 μετηλλαξε.
1552 539 1712 577 HEMST.

712 567 802 642 Pa'g.
819 606 880 638 42.
899 592 921 629 l.
939 603 969 642 5.
983 590 1088 631 Mus&
1103 592 1184 643 {uve
1186 591 1241 644 ις)
1254 592 1358 630 Haec
1373 591 1463 635 mihi
1480 604 1560 631 non
1573 589 1917 631 accommodatiffi-

658 657 720 683 me
732 644 910 683 videntur
922 645 986 683 ad
979 656 1180 696 integram,
1192 658 1293 706 quae
1305 644 1512 697 praecellit,
1526 644 1745 684 sententiam
1760 644 1917 697 respon-

656 698 765 736 dere:
782 697 925 737 etiamsi
945 709 1068 737 mutes
1088 710 1237 750 ternpus
1252 694 1512 738 ὑποσκελίσει
1529 711 1663 750 parum
1683 698 1913 746 adiumenti,

658 764 720 790 me
738 751 882 799 iudice,
897 751 1115 790 contuleris.
1134 750 1250 790 Forte
1272 751 1453 790 orationis
1471 739 1695 804 impeditae
1687 764 1725 790 in
1744 750 1825 803 ipso
1840 751 1916 798 Lur-

660 805 696 843 ci
700 817 774 843 ano
783 805 912 843 haeret
924 805 1054 857 culpa:
1066 817 1147 843 non
1159 805 1258 842 enim
1271 816 1391 856 aeque
1402 803 1545 857 semper
1554 804 1670 853 stilus,
1681 805 1856 856 quamvis
1865 816 1917 844 at·

657 867 781 904 tento,
796 859 840 896 ad
852 858 967 896 animi
978 858 1142 909 cogitata
1151 857 1311 896 dilucide
1323 858 1550 917 exponenda
1563 858 1740 909 procedit.
1750 858 1913 896 HEMST.

711 914 783 950 ead.
795 912 818 949 l.
833 911 867 950 8.
880 913 921 950 Τι’
933 890 1052 963 visus
1052 912 1170 957 Vide,
1182 923 1279 964 quae
1290 911 1513 950 notavimus
1530 911 1578 949 ad
1592 923 1677 964 pag.
1700 924 1788 963 157,
1806 910 1917 950 1.12.

656 964 822 1004 HEMST.

711 1019 817 1057 eadl.
841 1031 898 1070 ¹3·
907 1020 942 1056 ’E
941 1017 1095 1071 μπίέα)
1111 1016 1215 1056 Male
1229 1016 1386 1057 ἒλπίὲοι.
1401 1017 1573 1056 BOURD.
1589 1014 1749 1056 Pulchre
1765 1016 1916 1080 {avith

658 1084 733 1123 pro
755 1071 916 1123 vulgato
938 1069 1086 1110 {mih
1108 1083 1173 1123 rep
1177 1069 1274 1110 osuit
1299 1069 1674 1117 Bour‹1e10tius‚sed
1697 1082 1770 1122 pro
1793 1066 1916 1120 ὅπως,

656 1125 785 1176 quod
777 1138 814 1163 m
827 1125 932 1163 editis
945 1124 1018 1172 est,
1031 1085 1297 1164 scribendum‘'
1280 1136 1390 1163 οπως·
1407 1119 1483 1176 οὐχ
1494 1123 1593 1162 ὅπως
1605 1122 1658 1162 est
1669 1126 1811 1164 nedum·
1826 1123 1914 1164 usus

659 1178 772 1217 etiam
787 1177 890 1217 estin
908 1178 1136 1217 Prometheo
1150 1178 1190 1216 δι
1204 1177 1300 1216 alibi.
1319 1176 1489 1217 GRAEv.
1507 1177 1550 1215 ln
1566 1177 1610 1215 B.
1631 1191 1665 1215 2.
1684 1190 1798 1229 quam
1812 1177 1916 1216 secu>

659 1241 720 1269 tus
732 1232 880 1271 videtur
888 1231 971 1270 Bou
978 1231 1174 1277 rdelotius‚
1186 1229 1362 1270 mendose
1372 1230 1567 1282 legebatur
1576 1230 1733 1270 {misa-
1742 1240 1780 1269 at
1788 1229 1817 1269 si
1827 1230 1916 1270 alias

656 1283 882 1338 inspexisset,
898 1284 1021 1330 reae,
1033 1295 1078 1323 ut
1090 1285 1149 1324 hic
1161 1284 1290 1330 vides,
1306 1283 1456 1336 legisset.
1472 1283 1630 1323 SOLAN.

732 1339 825 1399 Paga·
837 1353 898 1390 43.
915 1339 936 1376 l.
957 1353 994 1386 4.
1009 1338 1229 1377 Ἐλασείοντι
1244 1337 1361 1377 ἑπὶΛ.
1372 1337 1561 1390 )Ingeni0
1576 1336 1732 1376 Luciam
1745 1335 1915 1377 facetlffi-

658 1390 825 1443 misque
818 1392 912 1430 iocis
929 1392 978 1430 ita
993 1391 1174 1439 delector,
1194 1402 1238 1431 ut
1256 1391 1321 1444 qui
1340 1391 1527 1438 maxime3
1547 1403 1670 1442 neque
1690 1401 1815 1429 tamen
1832 1392 1916 1431 eius

657 1446 767 1484 dotes
781 1457 858 1483 tam
885 1445 1012 1497 inepte
1028 1445 1208 1491 admiror,
1222 1443 1329 1491 ut,s1
1343 1445 1433 1497 quid
1453 1443 1743 1497 reprehensione
1756 1445 1914 1496 dignuin

657 1497 863 1545 admiserit,
878 1497 1129 1539 excusandum
1155 1509 1299 1551 putem.
1321 1496 1417 1537 Sane
1439 1498 1612 1542 mallem,
1631 1497 1786 1550 quando
1800 1498 1916 1538 histo-

656 1553 730 1591 rias
751 1563 923 1599 veteres,
943 1552 1047 1604 quod
1065 1551 1172 1603 saepe
1191 1551 1305 1598 solet,
1328 1552 1496 1603 attingit,
1518 1563 1678 1590 examen
1701 1552 1912 1592 accuratius

659 1619 710 1643 m
701 1605 921 1657 aioremque
936 1618 1065 1644 curam
1081 1605 1316 1650 adhibuisset,
1330 1605 1371 1644 δι
1384 1616 1530 1657 partam
1546 1603 1835 1656 elegantissimae
1849 1618 1917 1644 ve-

658 1658 813 1698 nustatis
833 1659 978 1697 laudem
1005 1659 1080 1698 hoc
1096 1671 1252 1711 quoque
1273 1671 1351 1698 non
1368 1658 1433 1697 vili
1454 1658 1566 1697 titulo
1586 1657 1816 1697 cumulaffet.
1834 1659 1915 1698 Nu·
1940 1678 1942 1684 ν

655 1725 723 1765 per
738 1713 942 1751 admodum
958 1711 1136 1763 Assyrios
1148 1713 1200 1751 ait
1213 1725 1234 1751 a
1251 1711 1366 1763 Cyro
1378 1711 1563 1758 deviCtos,
1582 1722 1916 1764 expugnatamque

656 1765 730 1804 effe
746 1766 857 1816 Baby
861 1766 1008 1813 lonem3
1023 1779 1123 1805 nunc
1139 1778 1254 1818 porro
1270 1766 1438 1804 meditari
1463 1765 1616 1817 Cyrum
1631 1766 1914 1818 expeditionem

658 1818 695 1857 in
710 1820 884 1870 Lydiam
898 1831 938 1858 ut
950 1818 1136 1858 Croesum
1149 1820 1354 1864 adoriatur,
1367 1832 1564 1871 regnoque
1575 1818 1720 1870 spoliet.
1733 1817 1775 1857 In
1787 1819 1842 1858 his
1854 1832 1916 1859 or-

657 1872 709 1911 do
729 1886 852 1912 rerum
874 1872 1060 1924 gestarum
1087 1885 1166 1911 non
1189 1872 1354 1912 conitar:
1373 1885 1457 1910 nam
1480 1872 1714 1924 quamlibet
1707 1885 1744 1910 in
1762 1872 1916 1912 historia

657 1925 756 1977 Cyri
780 1926 844 1966 scri
839 1938 976 1978 ·ptores
999 1926 1141 1978 antiqui
1164 1925 1386 1978 discrepent,
1410 1927 1483 1965 luc
1503 1937 1630 1964 tamen
1652 1928 1785 1965 omnes
1805 1925 1914 1966 simul

655 1979 891 2033 conspirant,
906 1979 1008 2031 prius
1020 1980 1168 2032 aliquot
1180 1980 1307 2025 annis,
1323 1992 1438 2032 quam
1453 1979 1634 2030 Babylon
1659 1979 1823 2018 fueritin
1842 1993 1915 2033 po-

655 2033 826 2072 testatem
843 2034 928 2072 reda
930 2033 1012 2079 eia,
1029 2033 1214 2073 Croesum
1237 2033 1442 2085 Lydolque
1458 2031 1704 2072 succubuisse.
1725 2033 1763 2072 Si
1781 2034 1913 2073 Xeno·

656 2087 786 2139 plion
779 2100 816 2126 m
831 2087 900 2127 liae
912 2086 1023 2127 causa
1036 2086 1135 2126 testis
1149 2087 1308 2126 idoneus
1322 2087 1464 2140 placet,
1479 2086 1578 2134 hoc,
1597 2099 1686 2126 cum
1704 2086 1766 2138 Cy
1770 2100 1833 2126 rus
1846 2086 1926 2126 ani

656 2153 750 2179 num
763 2142 892 2181 aetatis
912 2153 1038 2193 ageret
1053 2140 1304 2194 trigesimum,
1324 2140 1518 2187 acciderit3
1543 2140 1631 2179 illud
1647 2140 1766 2179 tribus
1783 2142 1914 2180 admo»

656 2194 748 2233 dum
769 2196 874 2234 annis
889 2195 981 2255 post.
997 2195 1060 2233 Ab
1081 2207 1126 2233 ea
1148 2195 1296 2233 ratione
1318 2207 1396 2233 non
1407 2206 1553 2254 'parum
1573 2193 1724 2233 discedit
1744 2194 1913 2234 calculus

657 2248 841 2297 aliorum,
856 2262 923 2300 qui
939 2249 1071 2288 Sardes
1094 2260 1221 2300 captas
1243 2259 1389 2300 ponunt
1406 2249 1443 2286 in
1463 2260 1566 2286 anno
1587 2249 1716 2287 aetatis
1732 2247 1836 2299 Cyri
1859 2247 1915 2287 se-

658 2302 807 2350 cundo,
825 2303 886 2341 vel
901 2303 1036 2355 quinto
1052 2303 1091 2341 &
1111 2300 1448 2361 quinquagesimo,
1465 2301 1737 2351 Babylonem
1728 2314 1766 2340 in
1788 2302 1914 2363 primo

655 2355 697 2395 &
716 2355 956 2409 lexagesimo.
973 2357 1181 2408 Utcunque
1194 2368 1237 2394 ea
1251 2356 1293 2394 lis
1307 2354 1399 2394 fuer'
1393 2366 1420 2393 it
1432 2355 1590 2400 decreta,
1602 2355 1707 2407 quod
1719 2367 1820 2394 nunc
1834 2356 1914 2408 qui-

655 2408 741 2447 dem
753 2410 797 2448 ad
809 2423 878 2449 nos
892 2410 982 2448 nihil
997 2410 1169 2462 pertinet,
1185 2409 1275 2448 illud
1287 2421 1389 2447 certe
1401 2420 1471 2461 pro
1484 2419 1687 2460 comperto
1698 2408 1911 2448 habendum

654 2461 726 2509 est,
748 2463 979 2509 Lucianum,
1002 2465 1091 2502 dum
1117 2464 1207 2502 haec
1229 2462 1428 2507 scribebat,
1455 2463 1499 2501 ad
1519 2461 1691 2501 historiae
1707 2474 1841 2500 veram
1858 2461 1914 2501 se·

654 2516 746 2556 riem
762 2518 888 2556 animo
904 2493 1013 2557 fuisse
1033 2518 1157 2556 minus
1177 2526 1344 2556 attento:
1363 2515 1540 2569 potuissct
1553 2514 1717 2568 alioqui
1731 2514 1758 2555 si
1772 2527 1854 2556 eam
1875 2515 1912 2555 in
1966 2556 1968 2560 f
2008 2544 2009 2549 η
