2015 3490
233 239 319 285 IN
370 230 1105 284 NECYONMQNTIAMI
1210 252 1299 301 3ss

31 343 101 372 ves
111 329 427 380 ἀποτελουμένας,
442 325 515 368 ὑπο
527 327 601 369 τῶν
618 327 816 376 σωμάτων·
830 327 977 369 ηεεείΐε
990 341 1118 369 tamen
1134 342 1216 371 non
1232 346 1303 386 pu-

31 396 76 426 to
89 416 101 434 ,
120 397 161 424 ut
174 384 380 437 quidquam
394 384 630 422 immutetur.
643 383 803 421 HEMST.

84 441 158 478 ead.
173 439 197 477 l.
211 439 248 477 6.
263 437 423 489 Σφόδρα
437 438 533 477 τινὲς
553 432 700 489 αὗτῶν)
720 436 786 474 An
804 433 1069 475 scribendum?
1089 436 1234 491 σφόδρα
1255 453 1301 480 τε

28 489 149 533 ἰιῦταὶ
166 491 229 543 αξ.
243 490 413 531 GuYEr.
467 533 469 535 ,

46 579 51 582 ⁴
84 549 155 585 ead.
166 546 189 584 I.
203 559 216 583 1
232 558 261 585 i.
276 543 481 596 Πλούτοις)
496 542 616 582 Paulo
632 541 715 594 post
730 543 869 581 iterum
884 542 1023 595 plurali
1044 556 1220 585 numero.
1239 546 1302 588 Sic

29 599 70 642 in
82 598 177 652 Ἐρμ.
193 611 227 638 c.
240 613 279 649 7,
294 599 334 637 ὅ(
347 597 477 651 paffim
489 598 589 649 apud
601 598 713 635 hunc.
729 596 888 636 SOLAN.

84 656 158 692 ead.
171 653 196 691 l.
213 665 267 691 12.
284 650 546 703 Προσκυνεῖῧαι
559 649 716 702 περιμ.)
735 649 867 689 Iisdem
892 648 1019 689 verbis
1038 650 1159 690 utitur
1181 652 1218 691 in
1233 654 1302 692 Ni-

30 707 128 760 grin.
143 707 159 755 §
175 720 217 745 21
228 737 237 753 ‚
257 706 321 745 ubi
336 705 459 744 multo
474 705 583 758 plura
597 705 761 756 reperies
777 703 880 743 hisce
903 704 943 744 &
957 703 1204 756 sequentibus
1219 721 1305 758 per-

28 774 146 814 quam
160 759 304 799 similia.
318 760 482 799 HEMST.

87 815 176 867 Pag.
192 815 249 853 16.
262 815 285 853 l.
301 825 331 865 5.
344 813 481 862 Ἐφύο-οι
494 811 612 864 τότε)
629 812 878 852 Mutaverant
891 811 936 850 B.
955 826 990 851 2.
1004 811 1043 850 δι
1061 812 1102 851 Ρ.
1117 811 1303 853 fecerant-

29 880 107 921 que
119 867 296 915 ἒφύσατο.
313 868 494 906 Veterem
512 879 585 919 ego
600 879 763 918 eamque
777 866 982 918 genuinam
1002 865 1228 919 scripturam
1245 881 1302 907 re-

30 921 165 976 posui,
177 934 291 974 quam
306 921 344 959 in
358 920 510 972 reliquis
525 921 687 972 reperio.
702 920 859 960 SOLAN.

87 978 158 1014 ead.
173 975 197 1013 l.
213 975 249 1014 6.
262 974 461 1026 Πυλώνων)
477 973 542 1013 Ed.
557 976 589 1012 I.
603 974 788 1026 προθύρων·
802 973 840 1013 8(
855 971 905 1011 fic
918 972 958 1012 P.
976 973 1017 1012 &
1029 973 1072 1012 L.
1086 974 1229 1014 Utrum
1244 988 1303 1015 re-

28 1028 140 1074 ilius,
154 1029 317 1068 viderint
331 1027 608 1067 architeeiurae
623 1028 750 1080 periti:
771 1026 944 1066 nostrum
959 1039 1040 1066 non
1054 1026 1106 1067 est
1121 1029 1155 1067 id
1168 1027 1304 1070 defini-

32 1095 90 1123 re.
103 1082 143 1123 Si
163 1082 274 1122 liceat
293 1093 444 1128 tamen,
459 1082 565 1135 quod
583 1081 729 1127 sentio,
749 1081 916 1134 aperire,
933 1082 1021 1120 huic
1041 1081 1134 1121 loco
1153 1095 1304 1124 conve-

30 1137 261 1176 nientiorem
282 1135 458 1175 existimo
484 1148 623 1176 vocem
647 1135 964 1187 προθὺρων.νίόε,
982 1148 1084 1188 quae
1104 1136 1176 1176 hac
1196 1138 1242 1177 de
1260 1151 1303 1177 re

31 1188 170 1230 habeat
185 1190 339 1230 Lucian.
356 1190 396 1228 in
410 1193 526 1228 Mma.
543 1203 576 1230 c.
597 1203 640 1228 21
655 1205 663 1228 :
677 1190 709 1228 οἱ
722 1191 789 1238 μὲν
809 1188 858 1228 ss,
873 1189 943 1241 ἔξω
957 1187 1132 1241 ἅνθρωποι
1148 1220 1156 1230 .
1172 1220 1180 1228 .
1194 1221 1202 1230 .
1215 1220 1225 1230 .
1239 1193 1302 1242 ζη-

32 1243 143 1284 λοῦσί
157 1258 200 1282 σε
213 1243 362 1295 δρῶντες
379 1243 480 1283 ἐντος
500 1243 566 1284 ’Πῖς
579 1242 777 1297 κιγκλίδος
795 1241 1058 1295 «Γιατρίβοντα,
1072 1243 1138 1283 καὶ
1156 1243 1302 1284 &nmiu-

31 1310 108 1338 *τως
123 1297 284 1337 εἰσιόντα
295 1328 306 1346 ,
319 1297 382 1336 καὶ
400 1296 472 1336 τῶν
487 1297 589 1337 πάνυ
605 1299 688 1336 τινὰ
698 1297 796 1336 ἕνὸον
806 1297 1062 1350 γεγενημένον.
1078 1298 1237 1337 SOLAN.

0 1395 1 1399 ,
87 1355 162 1391 ead.
173 1353 196 1390 l.
208 1351 231 1390 8
236 1351 486 1400 .Ἀνατει’λοις)
497 1350 622 1403 Quasi
633 1350 712 1397 Sol,
721 1364 802 1402 quo
809 1352 965 1390 nomine
978 1364 1085 1404 reges
1099 1351 1187 1392 suos
1195 1366 1302 1405 para-

0 1414 2 1428 *
32 1404 91 1446 {iti
99 1417 213 1459 atque
225 1405 440 1445 adulatores
451 1405 702 1459 appellabant.
718 1405 938 1457 Antigonus
950 1406 1198 1446 Hermodoto
1211 1410 1304 1459 poe-

3 1494 5 1498 .
30 1470 95 1500 tae
106 1489 117 1507 ‚
134 1460 200 1525 qui
211 1458 248 1499 se
262 1458 361 1499 Solis
372 1458 490 1498 filium
518 1460 558 1498 in
575 1460 744 1499 carmine
757 1471 971 1503 vocaverat
982 1488 992 1504 ,
1008 1459 1202 1512 eleganter
1215 1460 1301 1500 illu-

32 1513 81 1554 fit
94 1526 103 1553 :
117 1530 155 1552 ου
165 1512 326 1553 τοιαῦτα
337 1528 399 1564 μοι
416 1513 431 1551 ὁ
450 1513 693 1565 λασανοφόρος
706 1512 881 1552 σύνοιὲεν.
895 1512 994 1552 Usus
1006 1513 1058 1551 est
1071 1514 1231 1553 Luciani
1244 1515 1302 1554 lo-

32 1581 82 1608 co
94 1567 222 1607 Barth.
238 1567 282 1606 ad
295 1566 387 1606 Stat.
397 1567 454 1607 IV
469 1566 560 1607 Silv.
573 1567 589 1606 Ι
602 1597 614 1613 ,
628 1582 665 1620 3,
675 1566 721 1605 ad
734 1565 931 1606 Claudiam.
945 1568 982 1605 in
995 1566 1126 1606 Rufin.
1140 1568 1196 1611 11.
1209 1583 1302 1620 443.

34 1618 231 1663 Brodaeus
244 1621 290 1660 ad
306 1621 425 1660 Anth.
445 1621 523 1666 ΙΙΙ,
537 1635 570 1660 c.
592 1620 709 1669 XVI,
732 1620 800 1674 Ep.
820 1633 842 1659 2
855 1650 866 1666 ,
882 1621 952 1659 ubi
972 1620 1136 1660 Ifidorus
1151 1621 1303 1660 Eumeli

33 1676 201 1729 aucupio
216 1677 333 1715 vitam
347 1674 546 1714 tolerantis
562 1674 759 1714 fortunam
771 1675 951 1721 laudans,
965 1673 1114 1714 Οὕοτοτε
1125 1674 1163 1715 θ’
1175 1674 1301 1716 &eninr

10 1733 11 1736 ’
32 1728 162 1770 {nvo-ev
175 1730 274 1783 χέρα
285 1731 454 1782 γαστρὸς
466 1726 582 1768 ἕκητι.
596 1729 757 1767 HEMST.

0 1815 2 1818 .
87 1786 160 1823 ead.
173 1785 198 1822 l.
217 1797 230 1821 1
242 1798 271 1821 1.
287 1781 447 1835 Στῆθος)
464 1783 584 1832 Vide,
596 1796 696 1836 quae
713 1781 826 1836 supra
841 1782 889 1821 ad
902 1787 1010 1835 Νιγρ.
1026 1795 1059 1822 c.
1078 1795 1091 1820 1
1104 1795 1119 1821 1
1138 1794 1301 1823 annota-

36 1841 74 1878 ta
87 1851 108 1877 a
121 1850 183 1877 me
195 1836 465 1877 sunt.So1.AN.

52 1914 55 1917 ·
88 1893 163 1930 ead.
183 1893 207 1930 l.
227 1904 241 1929 1
252 1906 283 1945 3.
300 1889 506 1943 Διονύσιον)
520 1889 610 1930 vid.
629 1889 748 1930 Corn.
763 1890 861 1943 Nep.
874 1890 914 1928 in
928 1888 1071 1929 Dione.
1087 1889 1246 1930 Sor-AN.

32 1954 40 1963 ⁸
88 1948 160 1984 ead.
173 1946 196 1984 l.
214 1944 373 1994 14.‘T¹7t‹'›
389 1959 430 1983 τε
446 1948 576 1983 Δίωνος
595 1943 894 1997 κατηγορηθέντα
906 1975 917 1992 ,
933 1943 996 1982 καὶ
1010 1940 1084 1982 ὑπο
1100 1943 1166 1984 τνῖς
1185 1943 1300 1985 στοᾶς

29 1997 438 2052 καταμαρτυρηθέντα)
463 1998 651 2038 Plutarch.
667 1999 705 2037 in
723 1998 866 2038 Dione.
886 1998 1026 2037 BROD.
1045 1998 1211 2047 Mirum,
1234 1999 1302 2052 qui

39 2053 86 2093 ab
98 2053 233 2093 Stoicis
252 2053 422 2106 potuerit
443 2052 518 2092 dici
540 2052 756 2093 testimonio
772 2051 970 2098 confixus,
991 2065 1105 2104 quem
1122 2051 1199 2105 ipse
1212 2053 1302 2091 Ari-

40 2106 180 2161 stippus
192 2107 422 2146 laudandum
439 2105 598 2146 censuit.
613 2106 686 2146 Sed
698 2107 792 2147 alius
810 2105 864 2146 est
877 2104 1076 2145 accusator
1088 2107 1191 2159 apud
1208 2106 1302 2146 infe-

40 2173 126 2210 ros,
139 2161 179 2200 δε
192 2160 429 2200 veriffimum
443 2160 598 2212 opinor,
609 2161 716 2214 quod
729 2162 770 2200 in
784 2170 950 2200 mentem
966 2160 1072 2198 venit
1088 2160 1213 2212 patri,
1226 2156 1300 2199 ὑπο

40 2213 105 2255 τῆς
119 2213 237 2255 σκιᾶς.
255 2214 409 2266 Propria
425 2214 539 2267 ipsius
553 2216 688 2255 umbra
702 2228 791 2255 eum
805 2214 1027 2255 convicerat
1042 2225 1190 2267 praeter
1202 2213 1303 2254 Dio-

41 2280 140 2308 nem.
163 2268 204 2307 ld
223 2268 301 2321 ipse
314 2269 523 2321 Menippus
534 2298 545 2316 ,
561 2269 636 2309 hoc
658 2269 793 2309 eodem
810 2268 935 2308 verbo
947 2268 1060 2307 etiam
1077 2267 1186 2314 usus,
1210 2281 1302 2320 pau-

41 2320 82 2362 lo
99 2333 185 2362 ante
198 2323 422 2361 affirmavit:
438 2316 556 2362 αίῗται
577 2322 731 2376 (σκιαὶ)
745 2323 861 2362 τοίνυν
876 2321 1035 2361 ἐπειδὰν
1046 2321 1302 2372 ἀποθάνωμεν,

41 2375 291 2429 κατηγοροῦσί
311 2390 354 2415 τε
378 2376 444 2414 καὶ
465 2375 714 2431 Σιελέγχουσι
738 2379 793 2416 τὰ,
811 2377 1068 2429 πεπραγμένα
1092 2373 1176 2427 ἦμῖν
1190 2378 1301 2428 παρὰ

0 2475 2 2478 v
43 2430 104 2469 τὶν
115 2430 197 2475 βίον.
211 2429 354 2470 GRON.

94 2485 198 2522 ead.l.
215 2482 274 2539 1'5.
290 2482 433 2537 Σκιόίς)
455 2482 514 2524 Cl.
536 2483 732 2525 Gronovii
751 2483 1058 2524 emendationem
1079 2481 1300 2535 ample6t0r.

0 2567 4 2577 .
40 2534 196 2576 SoLAN.

150 2591 290 2630 Luciam.
315 2592 391 2631 Vol.
414 2591 485 2630 III.
1029 2590 1059 2629 Z
