2015 3490
655 285 742 333 532
841 265 1706 320 ANNOTATIONES

650 370 726 409 que
739 355 838 396 illam
854 355 1102 406 Scholiastae,
1122 356 1294 397 hodierni
1310 358 1560 410 pronuntiant
1577 361 1723 402 medici.
1741 359 1813 403 Sed
1823 370 1905 404 nori

649 410 839 449 convenit
852 410 912 449 hic
925 411 1066 450 medice
1081 411 1342 450 commentari.
1357 412 1505 452 REITz.

706 464 795 516 Pag.
813 476 899 515 229.
912 464 934 502 I.
946 462 982 501 6.
993 463 1162 516 Ἀνάγκη
1174 465 1288 504 τοίνυν
1302 464 1400 513 διε.)
1413 466 1636 506 Verterem:
1651 466 1785 519 Nec-effi
1795 471 1837 522 est
1847 469 1907 523 igi-

651 529 719 564 tur,
733 528 772 555 ut
785 517 920 555 animus
933 529 1012 555 tuus
1026 532 1115 556 nunc
1129 518 1192 556 huc
1201 547 1214 562 ‚
1227 533 1316 557 nunc
1328 519 1410 557 illuc
1423 519 1608 565 dividatur,
1622 534 1696 559 cum
1709 524 1804 560 modo
1816 523 1908 561 riva-

651 571 739 608 libus
753 570 822 608 cuis
835 570 1000 618 invideas,
1015 570 1100 622 (fhc
1112 572 1199 609 enim
1213 572 1248 610 δ’
1266 571 1352 610 alios
1367 576 1541 611 earundem
1556 587 1660 611 rerum
1673 573 1737 625 effi
1751 576 1907 628 competi-

653 623 757 676 tores)
771 625 867 661 modo
879 624 1054 675 existimes,
1072 636 1101 661 te
1114 639 1180 663 non
1193 626 1319 672 omnia,
1334 626 1385 664 uti
1393 640 1461 678 par
1471 637 1554 672 erat,
1569 625 1715 672 dixisse,
1729 630 1824 668 modo
1838 643 1909 667 me·

651 690 731 716 tuas
751 677 786 714 6³
800 676 924 729 speres.
940 676 995 715 Ita
1016 676 1142 716 sensus
1159 677 1352 730 liquidior,
1365 691 1482 730 quam
1500 680 1538 717 in
1553 689 1683 718 vetere
1703 680 1907 730 versione,

652 730 720 770 ubi
734 731 847 769 etiam
865 729 1093 782 parenthesis
1106 730 1241 782 iniquo
1254 743 1334 770 erat
1345 732 1531 771 collocata
1546 731 1647 771 loco.
1664 732 1705 771 L.
1717 733 1816 773 Bos.

705 787 779 823 ead.
795 785 816 821 l.
837 798 851 821 1
861 798 896 822 2.
908 782 1068 836 Ἀκοὺοι)
1081 782 1142 822 Sic
1157 784 1211 822 M.
1227 784 1267 824 δι
1280 785 1331 824 V.
1347 785 1452 838 quod
1466 787 1503 824 in
1517 785 1598 825 aliis
1610 797 1729 839 prave
1739 785 1909 829 scribitur

652 837 791 877 ἀκούει.
811 836 968 876 SOLAN.
1543 878 1550 884 ¹

707 893 780 929 ead.
793 891 816 928 l.
835 903 847 927 ι
861 904 892 941 ς.
902 890 954 928 Ἐν
967 889 1254 944 βαθεῖπώγωνι)
1268 891 1357 930 Vid.
1377 903 1450 930 nos
1464 890 1575 944 supra
1586 891 1632 931 ad
1643 891 1731 932 Pisc.
1745 906 1827 947 cap.
1844 907 1910 943 41.

654 943 763 983 Adde
784 944 938 982 eandem
955 942 1266 996 significationem
1282 943 1349 983 τοῦ
1361 944 1469 989 βαθὺς
1481 958 1529 984 ex
1549 945 1731 985 Simonid.
1743 959 1858 988 carm.
1869 948 1886 986 1
1897 977 1912 996 ,

655 998 722 1049 qui
743 998 862 1046 κόμαν
878 996 1027 1042 βαθεῖαν
1046 996 1215 1037 similiter
1233 998 1346 1038 dixit:
1361 997 1548 1038 Nostrum
1563 998 1659 1038 infra
1681 1011 1765 1054 cap.
1783 1014 1852 1055 19,
1869 1001 1912 1041 &

656 1052 767 1102 saepe
783 1050 880 1090 alibi.
899 1051 1048 1091 Rmz.

713 1106 804 1155 Pag.
818 1117 905 1156 230.
918 1105 939 1142 l.
957 1105 994 1143 6.
1004 1105 1064 1142 Ἐκ
1079 1102 1151 1143 τῶν
1166 1107 1253 1144 Aac
1267 1103 1436 1158 ἒέλτων)
1453 1104 1628 1145 Erasmus
1643 1105 1681 1144 in
1693 1107 1886 1160 paroemia
1899 1115 1916 1155 ,‘

655 1173 698 1197 ex
711 1158 808 1197 Iovis
822 1158 947 1196 tabulis
959 1158 1056 1210 testis:
1071 1158 1210 1197 Biton.
1226 1158 1408 1199 Proverb.
1419 1159 1592 1199 Bonan.

710 1214 782 1251 ead.
795 1212 819 1250 l.
830 1226 866 1263 9.
880 1211 948 1249 Καὶ
957 1211 1004 1251 sk
1017 1208 1231 1264 εὐτύχηταί
1244 1226 1298 1251 σοι
1311 1212 1444 1252 πάντα
1457 1213 1498 1251 ἐκ
1507 1211 1630 1265 τυχῖἶς
1637 1212 1816 1266 μείζονος)
1826 1213 1916 1266 Leg.

659 1277 709 1305 ex
730 1263 801 1304 Ms.
822 1265 883 1303 καὶ
898 1264 947 1304 δὴ
967 1261 1183 1318 εὐτύχηταί
1204 1280 1259 1304 σοι
1276 1266 1419 1306 πάντα.
1439 1263 1615 1319 εὗτυχεῖς
1627 1267 1816 1318 μειζόνως.
1836 1269 1875 1306 Α
1899 1283 1916 1306 e

657 1319 771 1358 omnia
786 1319 846 1356 tibi
852 1318 1050 1369 succedunt.
1072 1319 1204 1358 Mirum
1226 1320 1260 1357 ἱπ
1282 1321 1414 1358 modum
1420 1317 1513 1369 filix
1531 1336 1576 1359 es.
1592 1318 1844 1360 GRAEVva'f
1855 1335 1917 1361 ευ-

656 1372 737 1425 yffi<
747 1372 937 1424 μειζόνως)
949 1371 1119 1424 Impressi
1134 1385 1269 1411 omnes
1281 1373 1321 1411 ἐκ
1330 1374 1455 1425 τυχῆς
1463 1374 1632 1425 μείζονος.
1648 1374 1701 1413 At
1714 1375 1752 1413 in
1765 1373 1915 1414 diversa

656 1427 799 1465 abeunt
813 1424 934 1465 Codd.
949 1425 1033 1465 Mff.
1044 1426 1085 1464 L.
1102 1425 1243 1477 τυχεῖς
1252 1425 1432 1477 μειζόνως.
1444 1426 1494 1467 G.
1505 1427 1543 1466 P.
1555 1427 1610 1466 M.
1625 1427 1663 1466 &
1674 1428 1725 1467 V.
1739 1424 1916 1481 εὐτυχεῖς

655 1480 839 1531 μειζόνως,
855 1479 921 1518 nisi
934 1480 1039 1532 quod
1050 1480 1087 1518 in
1101 1480 1157 1518 M.
1174 1481 1211 1518 in
1225 1493 1324 1520 voce
1337 1475 1517 1532 εὐτυχεῖς
1531 1492 1742 1520 extremum
1755 1480 1846 1520 illud
1862 1482 1917 1523 εἷς

658 1545 740 1573 erat
752 1532 790 1574 ἧς
804 1546 826 1572 a
840 1533 958 1585 prima
971 1546 1098 1572 manu.
1112 1533 1308 1584 Scriptura
1328 1533 1390 1572 illa
1403 1533 1523 1573 Codd.
1540 1533 1623 1573 Mss'.
1643 1534 1754 1587 supra
1773 1535 1845 1574 iam
1859 1535 1917 1575 di·-

657 1587 718 1626 &a
732 1599 905 1640 repetens
917 1588 1171 1640 corruptelam
1183 1587 1268 1626 satis
1281 1587 1430 1636 indicat,
1446 1589 1507 1627 cui
1523 1589 1675 1641 vulgata
1689 1588 1915 1628 medicinam

658 1640 787 1680 facere
799 1640 946 1686 voluit,
962 1651 1006 1680 ut
1025 1654 1106 1680 non
1126 1639 1277 1692 prorsus
1292 1639 1500 1687 infeliciter,
1514 1642 1565 1681 ita
1584 1642 1728 1688 minus,
1741 1653 1785 1682 ut
1797 1652 1916 1696 puto,

659 1708 764 1733 vere.
779 1693 956 1733 Nostram
978 1695 1282 1734 emendationem
1298 1707 1366 1746 per
1382 1694 1419 1735 se
1433 1696 1506 1733 iam
1528 1695 1613 1734 satis
1633 1695 1811 1748 liquidam
1825 1708 1918 1736 con-

658 1747 869 1787 firmabunt
890 1747 1085 1800 sequentia
1108 1749 1266 1788 Luciani
1287 1748 1373 1787 loca
1389 1747 1572 1801 inspe&a:
1588 1749 1662 1789 hoc
1683 1748 1764 1802 ipso
1784 1749 1916 1789 libello

661 1814 695 1841 c.
713 1801 756 1848 6,
771 1799 880 1851 Εὐχῇ
898 1803 977 1853 ’γὰρ
991 1801 1033 1840 ἂν
1053 1802 1202 1841 ἐοικότα,
1220 1802 1272 1841 εἰἠ
1285 1799 1415 1841 ταῦτά
1431 1816 1492 1855 ’γε’
1514 1803 1552 1842 δι
1568 1815 1601 1843 c.
1617 1815 1678 1855 13,
1691 1801 1800 1842 τοῦτο
1810 1802 1856 1845 δὴ
1869 1806 1913 1842 τὸ

660 1853 728 1894 τῆς
748 1853 879 1906 εὐχῆς.
903 1855 947 1893 Et
967 1855 1131 1907 in‘HpocP.
1149 1855 1229 1907 ipso
1243 1855 1321 1895 fere
1332 1856 1461 1902 initio,
1474 1855 1595 1908 μεῖζον
1605 1857 1684 1910 γᾶς
1696 1853 1817 1909 εὐχῆς
1830 1856 1915 1896 τοῦ-

662 1909 769 1962 τόγε.
785 1907 932 1949 Confer
946 1909 1057 1948 etiam
1072 1909 1194 1960 Ἀλεξ.
1209 1923 1240 1949 c.
1254 1923 1277 1962 9
1291 1909 1331 1949 &
1348 1910 1408 1949 26.
1425 1909 1584 1950 SOLAN.

717 1965 789 2001 ead.
803 1963 826 2001 l.
842 1962 898 2001 16.
913 1964 981 2001 Καὶ
994 1962 1160 2013 ἔστεψαι
1173 1965 1225 2002 *rie
1239 1961 1456 2013 Ὀλύμπιοι)
1467 1962 1527 2003 Sic
1540 1964 1577 2002 in
1590 1963 1690 2002 Tim.
1705 1964 1878 2004 BOURD.

719 2017 808 2069 Pag.
824 2031 869 2068 23
881 2030 911 2054 ι.
923 2016 946 2054 l.
962 2016 1225 2067 2.Ἀμα.λθείοις
1235 2016 1364 2070 κέρας)
1380 2015 1552 2057 Erasmus
1565 2018 1601 2056 in
1616 2018 1772 2070 adagio,
1795 2018 1915 2072 Copiae

664 2085 780 2109 cornu.
799 2070 939 2109 BROD.
1844 2087 1851 2091 ·
1882 2070 1889 2078 ’

718 2127 790 2162 ead.
802 2124 823 2162 l.
837 2138 870 2176 3.
882 2122 1075 2174 Ἀμέλξεις
1084 2122 1208 2175 ὀρνίθων
1217 2122 1348 2177 γάλα)
1359 2123 1459 2163 idem
1471 2124 1510 2162 in
1523 2123 1748 2178 proverbio,
1759 2124 1915 2179 Lacgal-

662 2175 841 2216 linaceum.
853 2177 990 2216 BROD.
1008 2177 1179 2216 Paroem.
1197 2177 1344 2216 ἐπὶτῶν
1364 2174 1550 2228 ὑπερφυῶν
1562 2176 1722 2231 ἀγαθῶν.
1740 2178 1914 2220 BOURD.

662 2230 918 2270 Proverbium
933 2231 1006 2279 est,
1021 2232 1065 2270 de
1078 2244 1158 2283 quo
1178 2232 1252 2269 vid.
1267 2231 1458 2283 Aristoph.
1474 2231 1597 2271 Schol.
1613 2244 1649 2283 p.
1665 2231 1738 2281 465
1759 2231 1800 2271 E.
1815 2233 1865 2284 (i.
1880 2245 1915 2274 e.

662 2285 712 2323 ad
723 2283 838 2337 V-esp.
848 2297 885 2324 v,
898 2284 1001 2337 506.)
1013 2284 1134 2324 Strab.
1147 2285 1253 2323 XIV.
1266 2283 1328 2323 De
1338 2284 1453 2324 Samo
1464 2299 1499 2336 p.
1512 2299 1560 2324 m.
1572 2284 1648 2338 439
1660 2284 1706 2324 C.
1718 2283 1782 2325 De
1789 2298 1915 2327 cornu

660 2336 809 2391 Copiae
820 2368 829 2385 ,
844 2338 1025 2391 Apollod.
1041 2338 1082 2377 L.
1106 2352 1126 2377 2
1136 2367 1147 2386 ‚
1160 2352 1196 2391 p.
1213 2352 1258 2392 59
1274 2339 1316 2377 B.
1336 2338 1456 2390 qui&
1470 2339 1546 2378 hoc
1559 2351 1608 2378 ex
1622 2338 1838 2389 Pherecyde
1849 2339 1916 2378 ha-

661 2391 743 2432 bet:
762 2391 926 2441 Δύναμιν
936 2391 1019 2445 ἔχει
1033 2393 1219 2437 τοιαύτην,
1232 2391 1326 2431 ὥστε
1335 2392 1465 2443 βρωτὴν
1478 2392 1496 2432 ii
1511 2394 1641 2440 ποτὸν,
1660 2391 1749 2441 ὅπερ
1762 2391 1914 2444 εὔξαιτό

661 2459 737 2493 τις,
755 2446 939 2498 παρέχειν
955 2445 1098 2485 ἄτονον.
1121 2445 1184 2485 De
1201 2445 1276 2485 hoc
1297 2458 1420 2485 cornu
1441 2446 1536 2485 duae
1553 2444 1637 2485 sunt
1657 2445 1916 2498 Mythologo-

659 2511 744 2538 rum
759 2499 986 2538 traditiones.
1007 2499 1082 2539 Alii
1103 2499 1201 2538 enim
1223 2500 1266 2538 ad
1282 2499 1445 2539 Acheloi
1459 2511 1581 2539 cornu
1598 2497 1789 2545 referunt,
1806 2500 1916 2539 cuius
1935 2532 1942 2540 ,

660 2551 849 2595 notiffima
871 2552 997 2594 fabula
1017 2552 1081 2594 est.
1102 2552 1178 2592 Alii
1199 2553 1244 2593 ad
1260 2565 1432 2607 capram,
1456 2565 1555 2608 quae
1576 2552 1709 2594 lovem
1732 2551 1915 2604 laetavit,
