2015 3490
658 263 752 315 ςῳ
851 253 1720 307 ANNOTATIONES

710 347 783 384 ead.
795 346 817 385 l.
835 346 1069 400 ι4.”Αλλοις)
1081 346 1144 387 Sic
1155 346 1256 386 reae
1265 347 1336 386 W.
1356 345 1436 385 Alii
1456 359 1590 387 omnes
1600 344 1738 387 αὔτοῖς.
1751 348 1909 389 SOLAN.

657 397 806 438 Verum
824 399 895 446 est,
917 400 957 439 δι
980 401 1141 446 mirum,
1155 411 1290 438 omnes
1311 399 1392 438 edd.
1415 400 1512 440 male
1533 401 1659 453 legere
1681 397 1916 454 αὖτοῖς,ριό

655 447 806 500 ἄλλοις,
824 465 913 492 cum
932 464 1057 492 tamen
1074 453 1113 492 in
1131 452 1208 506 ipsa
1227 451 1324 492 vers.
1348 453 1468 492 Latin.
1486 453 1752 507 expresserint,
1771 468 1811 493 ut
1829 456 1890 493 alii
1896 470 1917 503 ,-

655 517 780 555 quare
792 516 899 546 tanto
920 507 1042 546 minus
1058 506 1235 546 dubitavi
1259 515 1405 546 textum
1419 517 1578 546 mutare.
1594 507 1738 547 Rmz.
1759 504 1915 561 Αὖτοῖς)

655 557 820 598 Vertere
840 559 1041 608 debebam,
1054 575 1121 598 non
1141 560 1276 605 minus,
1294 573 1394 611 quam
1418 559 1453 597 Ιιὶ
1465 560 1642 612 ipsiservi,
1659 573 1759 613 quos
1777 574 1914 613 nempe

655 611 777 650 modo
797 613 1017 652 nominavit
1038 612 1187 661 auetor,
1202 612 1399 664 Pyrrhiam
1420 612 1462 652 &
1483 614 1762 666 Zopyrionem.
1786 613 1914 655 stN.

654 662 733 703 Pro
747 665 876 705 ἄλλοις
891 666 930 704 in
947 665 1015 706 Ms.
1030 666 1128 719 Reg.
1147 679 1250 718 2954
1263 665 1398 717 legitur
1411 664 1550 705 καλοῖς.
1830 693 1835 698 2

711 720 783 757 ead.
796 719 820 758 l.
836 732 895 770 15.
912 719 1152 772 Γιγνόμενον)
1164 720 1226 759 Sic
1235 720 1305 759 W.
1318 719 1373 758 uti
1384 718 1524 758 Ἐνὺπν.
1535 732 1568 759 c.
1585 732 1621 766 1,
1639 719 1679 759 &
1696 718 1779 772 Τοξ.
1794 733 1826 760 c.
1844 719 1915 769 18,

653 767 789 823 longe,
811 782 853 811 ut
867 773 961 812 mihi
973 771 1124 825 quidem
1136 773 1302 820 videtur,
1322 771 1478 819 Υεὲἶίυε,
1499 785 1635 825 quam,
1650 783 1694 812 ut
1707 773 1746 811 in
1760 774 1916 825 reliquis

656 823 731 871 est,
754 824 956 875 ἓιὸὂμενον.
972 828 1129 866 SOLAN.
1142 824 1354 880 Γιγνὸμενον
1368 824 1547 865 exhibent
1565 826 1679 865 etiam
1694 836 1772 866 tres
1787 825 1913 867 Codd.

655 876 779 931 Regg.
796 880 983 931 probante
996 880 1040 920 B.
1055 882 1101 919 de
1114 879 1207 920 Bau.

712 933 804 983 Pag.
819 946 905 982 244.
917 935 940 973 l.
955 946 987 972 1.
1005 932 1290 985 Μνηστευσέιμ.)
1301 931 1447 971 Rursus
1458 931 1553 985 infra
1564 937 1655 972 Σολ.
1666 945 1698 973 c.
1707 945 1742 986 9.
1755 931 1912 972 SOLAN.

711 990 786 1024 ead.
799 986 822 1024 l.
868 1017 877 1026 .
894 985 1229 1037 Καταποντιστῆς)
1251 987 1382 1024 Pirata.
1398 985 1535 1024 BROD.

707 1040 783 1078 ead.
796 1040 820 1079 l.
834 1000 871 1080 ἐ.
881 1041 1042 1094 Ὀλίγων
1057 1037 1161 1079 ἕνεκα,
1174 1039 1244 1092 ὸβ.)
1257 1038 1373 1079 Conf.
1383 1037 1492 1091 supra
1507 1052 1588 1090 cap.
1606 1051 1621 1077 1
1633 1052 1663 1078 1.
1675 1038 1833 1079 SOLAN.

709 1095 783 1131 ead.
795 1094 819 1132 l.
834 1107 871 1146 9.
881 1092 935 1133 Ἐν
948 1094 1065 1143 τούτῳ
1079 1091 1143 1133 τῆς
1156 1090 1319 1144 ἧλικίσις)
1334 1093 1377 1130 Id
1387 1093 1522 1131 aetatis.
1535 1093 1674 1132 BROD.

709 1149 782 1184 ead.
795 1147 818 1184 l.
833 1160 847 1185 1
860 1161 874 1185 1
883 1178 892 1186 .
906 1146 1048 1200 Φέρων)
1057 1147 1164 1186 Haec
1175 1145 1287 1186 difflo
1299 1158 1438 1186 vacare
1449 1146 1594 1199 potest,
1607 1147 1657 1185 ait
1668 1146 1864 1187 Brodaeus
1874 1148 1912 1188 in

652 1198 818 1238 *MiscelL
837 1200 915 1248 IX,
934 1214 967 1240 c.
985 1214 1043 1254 ¹3·
1057 1199 1158 1239 Idem
1175 1200 1281 1239 aiunt
1292 1199 1492 1252 Lexicogr.
1508 1199 1615 1239 nullo
1630 1211 1757 1240 tamen
1772 1201 1914 1242 idoneo

656 1253 836 1306 exemplo
848 1254 985 1299 allato,
1002 1253 1068 1293 nifi
1080 1253 1176 1301 hoc,
1191 1252 1258 1292 etfi
1269 1265 1316 1293 ne
1331 1253 1486 1306 quidem
1505 1253 1646 1292 addunt
1657 1282 1667 1301 ‚
1685 1267 1732 1293 ex
1745 1267 1826 1306 quo
1837 1256 1913 1294 Lu-

652 1307 758 1345 ciani
772 1307 923 1360 dialogo
943 1307 987 1346 fit
1001 1308 1178 1360 petitum:
1193 1307 1285 1346 mihi
1299 1319 1380 1346 non
1403 1307 1498 1346 adeo
1519 1320 1656 1347 vacare
1674 1307 1824 1348 videtur
1844 1309 1913 1357 φέ-

653 1375 732 1410 ρων,
747 1361 838 1413 quin
853 1360 1034 1414 fignificet
1042 1361 1163 1414 sponte
1173 1389 1185 1407 ‚
1200 1361 1226 1399 i.
1239 1374 1272 1400 e.
1286 1373 1316 1399 te
1327 1360 1433 1413 ipsum
1444 1362 1611 1399 adducens
1622 1362 1806 1415 vendidisti,
1822 1375 1911 1402 cum

654 1412 718 1452 alii
732 1413 827 1453 servi
838 1414 1070 1455 adducantur
1082 1416 1129 1454 ab
1140 1415 1230 1459 alio,
1243 1414 1350 1468 conf..
1365 1413 1464 1467 supr.
1479 1427 1511 1454 c.
1527 1428 1571 1467 23
1585 1429 1598 1462 3
1609 1415 1781 1467 adeoque
1793 1415 1912 1467 φέρων

652 1467 941 1517 ἀπημπόληκας
957 1469 1048 1517 erit,
1069 1470 1105 1507 in
1117 1468 1345 1507 voluntariam
1358 1466 1550 1519 servitutem
1567 1481 1597 1506 te
1614 1469 1784 1520 tradidisti.
1804 1469 1913 1509 Con-

655 1519 808 1561 firmant
820 1521 1040 1562 sententiam
1053 1534 1177 1562 meam
1190 1522 1324 1569 verba,
1337 1534 1435 1574 quae
1449 1520 1559 1574 supra
1570 1535 1651 1574 cap.
1664 1536 1688 1573 9
1698 1522 1912 1572 habuimus,

652 1570 790 1614 αὐτοὺς
806 1577 977 1629 φέροντες
990 1576 1228 1628 ἐπιτρέπουσι
1243 1575 1322 1615 τοῖς
1342 1576 1541 1614 πλουσίοις.
1554 1574 1717 1616 Dofflff.
1731 1576 1912 1617 Kuhnius

654 1627 696 1666 in
709 1628 794 1668 Ael.
806 1631 858 1669 V.
880 1631 929 1669 H.
945 1629 1020 1676 111,
1039 1643 1109 1676 22,
1129 1628 1225 1682 ἔφερε-
1246 1628 1454 1674 exo-7626&
1473 1641 1631 1682 quoque
1650 1629 1912 1682 pleonasmum

656 1681 830 1722 Atticum
849 1683 998 1732 statuit3
1012 1682 1072 1723 sed
1088 1683 1216 1722 verius
1229 1683 1344 1722 Periz.
1357 1683 1397 1722 δι
1414 1682 1449 1721 id
1462 1683 1502 1722 δι
1517 1683 1746 1736 praecedens
1764 1684 1914 1732 ἀποφέ-

650 1749 722 1788 ρειν
734 1735 907 1788 ἀράμενον
918 1737 970 1776 ait
984 1735 1212 1790 figniffiare,
1218 1736 1392 1787 sublatum
1410 1735 1549 1787 aufferre.
1563 1736 1623 1777 Sic
1634 1750 1794 1790 quoque
1805 1738 1910 1799 quod

654 1789 836 1830 Kuhnius
847 1804 895 1830 ex
909 1791 1099 1844 Porphyr.
1113 1789 1238 1838 affert,
1253 1788 1326 1840 ᾧτε
1339 1790 1453 1841 φέρων
1465 1786 1579 1829 αὑτὸν
1591 1804 1637 1828 τε
1652 1813 1694 1821 -
1710 1791 1915 1832 {mammen-

656 1857 721 1889 σε,
734 1857 807 1896 pro
822 1845 934 1884 nobis
949 1844 1070 1884 faciet.
1085 1844 1155 1884 Sed
1173 1856 1260 1884 ecce
1272 1842 1348 1896 ipse
1364 1856 1514 1883 mecum
1530 1842 1639 1883 sentit
1649 1844 1693 1883 ad
1704 1844 1912 1892 Polluc.V‚

653 1895 769 1948 segm.
781 1898 833 1946 48
844 1928 857 1945 ‚
872 1899 1034 1949 φέρουσα,
1049 1897 1271 1952 ἐπέγραψεν
1291 1910 1508 1949 exponens,
1521 1899 1603 1936 data
1616 1912 1715 1950 opera
1736 1898 1912 1952 inscripsit.

653 1950 771 1990 Addit
784 1952 835 1991 ibi
849 1953 1001 2005 quidem
1015 1968 1024 1992 :
1039 1954 1102 2005 Est
1121 1952 1177 1990 ubi
1193 1953 1227 1990 6»
1240 1952 1407 2003 φέρουσαι
1416 1952 1517 2004 plane
1530 1951 1671 2002 otiosum
1685 1952 1824 1991 videtur.
1838 1953 1912 1993 Sed

653 2016 742 2043 cum
755 2005 790 2044 id
803 2005 839 2045 se
852 2006 982 2046 multis
994 2006 1174 2059 exemplis
1184 2005 1230 2045 ad
1245 2005 1436 2044 Pollucem
1450 2005 1618 2045 docuiffe
1629 2005 1726 2045 dicat
1738 2006 1774 2044 in
1786 2006 1911 2063 Aelia!-

655 2070 729 2105 no,
749 2060 888 2099 vellem
909 2058 1095 2100 indicaffet
1114 2060 1201 2108 ubi,
1216 2072 1301 2098 nam
1317 2072 1396 2098 non
1415 2059 1586 2098 invenio.
1601 2059 1692 2098 Non
1707 2070 1830 2099 tamen
1845 2073 1911 2100 ne-

654 2113 827 2163 gaverim
850 2113 940 2153 alibi
963 2113 1242 2166 propemodum
1264 2113 1476 2163 πλεονάζειν
1500 2112 1592 2152 illud
1611 2113 1708 2165 φέρω
1720 2142 1731 2159 ,
1746 2124 1790 2152 ut
1814 2113 1910 2153 infra

653 2167 730 2206 hoc
742 2166 845 2207 Dial.
857 2181 892 2207 c.
907 2182 956 2220 39
969 2198 979 2215 ‚
995 2166 1181 2220 ἁποῤῥίψῃ
1195 2167 1324 2219 φέρων,
1337 2166 1380 2206 &
1395 2165 1496 2206 forte
1507 2166 1543 2204 in
1557 2165 1637 2205 aliis
1647 2178 1669 2204 a
1680 2166 1835 2206 Budaeo
1849 2168 1911 2207 ad-

652 2220 785 2260 duffis.
805 2222 860 2260 At
879 2222 994 2273 longe
1017 2220 1253 2273 frequentius
1267 2221 1460 2271 destinatum
1475 2220 1644 2271 confilium
1662 2218 1910 2272 significatur,

654 2284 699 2312 ut
712 2273 821 2325 saepe
835 2274 963 2314 rursus
975 2275 1074 2328 apud
1088 2273 1374 2314 Nostrum.Vid.
1391 2287 1423 2313 c.
1442 2287 1462 2311 2
1472 2286 1504 2324 5,
1523 2273 1636 2325 30,'&
1653 2287 1700 2326 39
1713 2303 1724 2321 ‚
1738 2273 1783 2313 de
1796 2286 1908 2314 mort.

654 2326 804 2380 Peregr.
820 2328 859 2368 δι
876 2328 990 2368 Periz.
1005 2328 1051 2367 ad
1069 2328 1153 2367 Ael.
1164 2328 1214 2367 V.
1229 2329 1280 2366 H.
1294 2327 1414 2374 VIII,
1430 2342 1488 2375 14.
1504 2327 1650 2366 ΚΕΗ-Ζ.
1662 2325 1776 2366 Conf.
1791 2328 1911 2367 Hem-

655 2379 876 2422 sterhufium
892 2383 939 2421 ad
949 2381 1050 2421 Dial.
1065 2382 1186 2421 Mort.
1197 2381 1278 2426 V1.
1295 2393 1379 2434 pag.
1394 2381 1506 2420 huius
1520 2380 1577 2419 ed.
1591 2394 1665 2429 423
1679 2379 1913 2433 sqq.V01.11.

709 2436 789 2475 ibid.
802 2435 1132 2489 Ἀπημπόληκας)
1153 2434 1340 2475 Constans
1355 2435 1467 2474 lectio
1487 2433 1526 2473 &
1539 2446 1647 2473 vera:
1663 2447 1780 2486 quare
1797 2433 1908 2486 supra

653 2489 756 2529 Rev.
773 2502 806 2528 c.
823 2504 886 2541 27,
901 2489 1031 2528 falsum
1049 2490 1138 2528 illud
1153 2488 1358 2538 ἁμπιιπόλ.
1373 2488 1473 2529 reete
1486 2486 1701 2529 correstum
1715 2488 1767 2528 est
1776 2502 1787 2536 ;
1802 2486 1907 2529 conf.

653 2542 731 2585 hoc
745 2542 891 2585 Dia1.c.
913 2557 958 2598 23
977 2557 1032 2598 pr.
1051 2543 1196 2584 ΚΕΗ-Ζ.
