2015 3490
273 226 359 273 IN
406 225 1136 274 NECYOMANT-IAM.
1249 244 1343 294 359

69 314 205 355 οἰκείων
223 316 327 356 τινῶν
354 317 633 368 cremabit-evoe.
662 315 777 356 Plane
806 316 964 357 fimilem
989 318 1161 358 invenies
1186 317 1342 360 Cebetis

74 369 298 409 sententiam
314 383 399 423 pag.
419 372 483 417 61,
496 372 558 423 63.
572 371 736 409 HEMST.

126 423 205 462 ibid.
219 424 463 476 Ἐχρὴσοιντο)
479 424 740 475 Mutuatisunt.
754 423 923 463 GUYET.

126 479 200 515 ead.
212 478 235 515 l.
249 492 282 530 3.
295 473 412 526 Οἶμαι
426 477 470 516 Σὲ
483 477 629 517 καὶτῶν
641 477 736 530 &c.)
749 477 801 515 Δὲ
815 478 905 516 mihi
919 476 1041 517 visum
1055 477 1179 517 fuerat
1192 477 1342 519 mutan-

60 530 166 569 dum
179 530 217 569 in
229 545 285 571 σε·
300 530 360 570 sed
371 543 460 570 cum
474 530 567 569 illud
585 542 801 582 pronomen
816 532 952 583 utique
964 531 1210 571 necessarium
1225 534 1343 584 paulo

72 582 233 623 inferius
251 584 421 624 ostendat
442 584 523 623 MS.
545 597 685 637 augere
699 584 787 624 licet
809 584 1034 624 Lucianum.
1055 585 1233 637 Apposui
1254 587 1341 627 sunt

73 636 241 677 Petronii
256 637 385 677 versus
399 650 431 677 c.
455 637 528 686 80,
549 651 633 691 pag.
658 650 758 686 400,
777 650 877 690 quos
897 639 989 677 Ant.
1011 635 1271 691 Schultingius
1293 641 1340 680 ad

73 703 182 730 oram
194 691 276 730 libri
290 702 508 730 annorarat:
524 704 651 744 neque
665 691 743 730 Ian.
763 690 937 730 Dousam
951 691 1076 731 Praec.
1099 692 1136 738 1,
1149 705 1182 731 c.
1198 707 1211 730 z
1221 707 1258 744 9,
1272 694 1341 732 ubi

73 743 225 784 eosdem
240 745 469 797 explicabat,
480 744 668 797 scriptoris
680 744 795 784 nostri
807 745 919 784 locus
930 746 1133 798 praeteriit.
1147 746 1312 786 Hmsr.

129 800 203 836 ead.
222 800 245 837 l.
258 814 294 847 4.
307 798 524 850 ‘Ecopane‘mi
540 814 585 839 σε
596 798 708 851 τοὺς)
723 798 820 838 Illud
838 813 883 839 σε
896 812 945 838 ex
964 799 1047 839 MS.
1063 799 1112 839 R.
1130 800 1170 838 in
1193 809 1342 840 textum

74 852 297 904 recepimus.
314 852 472 893 SOLAN.

127 907 201 944 ead.
215 907 238 944 l.
256 920 288 958 5.
304 906 498 958 Κρέοντας)
513 905 660 946 Confer
675 904 774 945 infra
792 905 845 944 Ἀ.
860 910 979 946 Mna-5.
991 919 1024 946 c.
1042 920 1073 959 5.
1087 908 1277 946 KUSTER.

0 1011 1 1022 η
63 988 69 991 -
129 962 202 997 ead.
218 960 240 998 l.
259 974 296 1011 9.
313 959 508 1011 Προῆλθεν)
527 960 591 999 De
605 959 674 999 usu
686 960 898 1000 verborum
913 961 1187 1013 προέρχεσῧοω,
1206 961 1342 1013 emp-{pi

76 1016 244 1067 χεσῧαι,
259 1014 452 1066 παριέναι,
469 1012 616 1053 scenico
628 1014 851 1053 notavimus
864 1014 955 1053 Vol.
973 1015 1003 1059 1,
1020 1029 1054 1066 p.
1077 1027 1163 1066 219.
1179 1016 1338 1054 HEMST.

128 1069 203 1106 ead.
223 1068 246 1105 l.
270 1080 327 1106 12.
347 1067 414 1104 Kal
437 1069 615 1113 καταβὰς
637 1067 715 1107 ἀπὸ
738 1066 812 1106 τῶν
836 1067 1036 1119 ἐμβατῶν)
1055 1068 1193 1107 Eadem
1218 1069 1341 1108 utitur

75 1121 367 1172 comparatione
377 1119 465 1160 lust.
478 1122 634 1173 Martyr
649 1119 759 1174 Epist.
776 1121 822 1160 ad
836 1122 925 1160 Zen.
936 1121 977 1160 δι
989 1121 1067 1161 Ser.
1079 1122 1249 1161 Bomio.

64 1198 65 1201 =
131 1174 209 1213 ibid.
220 1176 310 1212 Ἀπὸ
329 1173 402 1214 τῶν
423 1174 627 1228 ἐμβατῶν)
645 1179 680 1215 Ε
701 1175 841 1227 tragicis
861 1188 923 1214 aut
942 1175 1075 1215 comicis
1089 1175 1341 1226 sublimioribus

77 1228 327 1272 calceamentis,
342 1239 386 1267 ut
396 1239 570 1268 veterum
591 1228 754 1268 heroum
773 1230 951 1281 corporis
966 1230 1174 1282 proceritas
1191 1243 1341 1282 reprae-

77 1281 299 1321 sentaretur.
315 1281 449 1321 BROD.
460 1283 550 1322 Vid.
572 1283 637 1322 Ez.
652 1282 855 1335 Spanhem.
873 1283 919 1321 ad
933 1282 1177 1335 Aristophan.
1190 1283 1284 1324 Plut.
1299 1298 1340 1325 v.

76 1346 103 1387 7
113 1349 168 1388 59.
185 1336 400 1376 accuratius
412 1336 499 1377 alibi
516 1337 561 1376 de
572 1337 724 1389 tragicis
738 1335 938 1386 ἓμβοιταῖς.
954 1338 1118 1376 HEMST.

133 1392 206 1429 ead.
218 1391 241 1429 l.
253 1404 313 1438 14.
331 1388 461 1429 Πῶλος
476 1413 520 1420 -
539 1389 731 1442 Σάτυρος)
745 1390 809 1429 De
822 1391 940 1443 priori
950 1389 1089 1431 videfis
1102 1391 1151 1430 A.
1169 1390 1340 1431 Gellium

77 1441 157 1482 VII
170 1473 182 1491 ,
200 1458 233 1495 5,
249 1444 289 1483 δι
304 1443 488 1483 Nostrum
502 1445 553 1483 Ἀ.
566 1448 681 1484 Mna-5.
699 1456 730 1484 c.
749 1456 781 1496 5,
797 1447 834 1483 Ζ.
851 1448 910 1497 Τρ.
924 1458 958 1485 c.
970 1460 1011 1498 3.
1032 1444 1095 1484 De
1110 1456 1278 1498 utroque
1298 1449 1337 1484 Z.

78 1500 137 1548 Τρ.
152 1509 184 1536 c.
199 1511 262 1546 41.
274 1497 431 1537 SOLAN.

134 1553 207 1590 ead.
223 1551 248 1590 l.
267 1566 280 1590 1
294 1566 324 1601 5.
338 1550 528 1605 Σουνιεὺς)
545 1550 704 1592 Sunium
718 1551 873 1592 Atticae
887 1551 996 1593 vicus
1010 1551 1086 1598 est,
1100 1564 1144 1592 ac
1156 1565 1342 1605 promon-

78 1605 238 1644 torium.
252 1605 390 1644 BROD.
540 1641 552 1645 -

134 1659 213 1698 ibid.
229 1659 393 1710 Σάτυρος
407 1659 423 1698 ὅ
439 1659 505 1712 Θ.)
518 1658 620 1699 Cum
634 1659 716 1699 aliis
730 1658 878 1710 Satyris
891 1659 995 1700 hunc
1006 1659 1118 1699 etiam
1130 1658 1297 1699 recenset
1308 1659 1341 1699 Ι.

78 1711 228 1752 Ionfius
239 1713 285 1752 de
297 1714 431 1765 Script.
442 1713 493 1752 H.
506 1713 572 1752 Ph.
585 1713 642 1761 ΙΙ,
659 1726 691 1753 c.
708 1727 722 1751 1
734 1727 748 1752 1
758 1744 769 1761 ,
779 1726 864 1766 pag.
880 1714 953 1765 169
964 1743 978 1759 ,
997 1713 1039 1752 δε
1053 1715 1101 1752 ab
1115 1713 1180 1752 illo
1196 1713 1341 1765 Satyro

78 1766 280 1814 histrione,
293 1768 359 1819 qui
378 1766 627 1807 Demostheni
640 1766 713 1807 fuit
725 1767 913 1819 aequalis,
927 1767 1130 1819 distinguit.
1148 1767 1210 1806 De
1228 1778 1344 1810 utro-2

80 1833 157 1874 que
171 1821 267 1860 Polo
282 1821 322 1860 δι
336 1821 480 1872 Satyro
494 1822 777 1874 opportuniore
788 1821 881 1861 loco
895 1821 1077 1861 dicemus.
1091 1821 1258 1860 HEMST.

135 1876 171 1914 in
182 1875 300 1914 Schol.
314 1875 376 1914 col.
395 1889 431 1913 2.
443 1875 472 1913 l.v
485 1889 516 1914 1.
533 1877 609 1924 Τρις
622 1890 675 1926 κρ.
688 1873 845 1925 ὑψηλὰς
858 1874 931 1927 ἐξ.)
946 1875 983 1914 Α
995 1875 1211 1914 recentiore
1226 1886 1343 1913 manu

32 1938 34 1940 '
46 1955 50 1961 -
80 1928 174 1969 haec
186 1927 322 1968 inserta
336 1927 483 1967 sensum
493 1928 737 1982 perturbant:
753 1927 898 1968 exstant
909 1940 1035 1968 tamen
1047 1929 1089 1967 in
1100 1927 1146 1968 C.
1159 1928 1224 1967 nisi
1237 1927 1343 1981 quod

83 1980 248 2034 ὑψηλαί.
263 1982 421 2022 SOLAN.
480 1998 484 2003 “

139 2037 229 2089 Pag.
245 2051 307 2075 22.
323 2037 346 2075 l.
365 2050 379 2074 1
388 2067 396 2075 .
408 2034 666 2089 Μαραθώνιος)
682 2036 713 2075 Ε
725 2036 955 2076 Marathone
966 2036 1069 2076 vico.
1084 2036 1223 2075 BROD.

137 2094 210 2129 ead.
223 2091 245 2128 l.
266 2091 384 2129 10.'Ev
402 2086 635 2140 παραβύστῳ
656 2090 756 2142 που)
776 2090 998 2141 Ποεραβὺειν,
1019 2091 1058 2128 in
1079 2091 1262 2142 angulum
1281 2088 1347 2127 ali-

81 2157 202 2197 quem
224 2142 422 2190 infulcire,
439 2155 484 2182 ut
503 2157 524 2183 a
542 2142 752 2197 conspeetu
774 2144 815 2183 &
832 2144 957 2183 oculis
980 2156 1182 2183 amoveas:
1198 2143 1286 2182 hinc
1307 2143 1344 2182 {r

77 2198 340 2251 παραβύστῳ,
351 2198 454 2243 clam,
468 2198 727 2250 occulta-quod
741 2199 966 2250 plerumque
977 2199 1016 2236 in
1028 2197 1253 2236 deteriorem
1265 2209 1347 2248 par-

77 2262 163 2292 ·tem
184 2253 368 2304 accipitur
389 2251 435 2290 de
453 2252 497 2290 iis
519 2252 635 2290 rebus
657 2251 937 2295 actionibusve,
959 2264 1058 2303 quae
1079 2250 1346 2290 conscientiam

79 2306 250 2345 -aliorum
271 2305 450 2345 &lucem
470 2303 664 2357 refugiunt
675 2318 688 2344 :·
707 2305 899 2358 erocopio
915 2304 1116 2350 familiare,
1138 2317 1186 2343 ex
1201 2317 1281 2356 quo
1301 2317 1347 2343 u-

78 2372 181 2399 ›num
205 2359 445 2411 alterumque
467 2359 599 2398 locum
621 2359 752 2399 Suidas
771 2359 942 2411 protulit.
959 2358 1206 2398 Demosthen.
1225 2359 1263 2396 in
1278 2357 1348 2396 Ti-

83 2422 212 2452 mocr.
227 2413 350 2466 p.780
370 2413 411 2451 F.
425 2412 467 2451 &
478 2411 629 2464 Ulpian.
643 2427 677 2465 p.
697 2413 718 2450 8
728 2427 770 2465 13
786 2414 830 2452 B.
842 2426 924 2465 quo
935 2411 1098 2465 respexit
1116 2413 1347 2462 Harpocran

83 2466 131 2504 >in
147 2467 404 2518 Παράβυστον·
419 2478 655 2519 quamquam
671 2466 954 2511 Grammaticis,
965 2467 1029 2518 qui
1044 2466 1227 2518 originem
1241 2464 1350 2516 figni-

91 2518 230 2560 ficandi
248 2519 727 2563 contraffloremstatuunt
739 2549 750 2569 ,
767 2518 1103 2614 quamneceffezsu
1113 2548 1125 2568 ‚
1139 2532 1218 2559 non
1231 2517 1348 2559 asten·-
