2015 3490
298 265 367 311 IN
400 263 701 312 VITARUM
736 261 1135 309 AUCTIONEM.
1257 278 1349 324 447

81 391 86 394 .
145 349 219 392 ead.
237 353 262 392 l.
274 367 309 401 4.
322 355 397 392 Τὰς
412 351 612 405 ἰσχάδας)
633 350 829 404 Ἰσχάὲιις
845 349 1102 389 καιπαλέιθιις
1116 363 1186 388 των
1198 352 1353 401 καρικών

83 406 156 445 και
174 408 226 443 τὰ
238 408 388 459 γλυκέσι
402 408 463 445 καὶ
479 406 673 456 μελιτωέη
689 404 919 458 potiffimum
943 404 1160 456 cupiebant.
1183 404 1258 456 ipie
1275 403 1352 456 pas

91 458 158 498 sim
173 458 278 498 Dial.
291 458 364 511 seq.
379 458 419 498 δι
433 460 517 498 aliis
528 458 668 519 paffim.
684 459 824 497 Athen.
844 458 1018 496 Eoum).

147 514 220 551 ead.
233 514 255 550 l.
275 525 304 562 5.
332 511 519 551 Παλάθας
530 526 601 551 των
615 511 788 563 ›coeptae-w)
808 514 932 549 Emam
946 512 1030 549 enim
1043 510 1097 548 illi
1110 509 1236 561 maffas
1249 523 1352 561 czry-

92 580 218 605 carum.
241 565 301 605 Sic
317 566 432 604 vertit
449 566 656 617 interpres,
672 566 780 603 male.
801 564 898 602 Nam
914 563 942 601 fi
956 563 1134 616 scriptum
1154 565 1219 601 inv
1223 574 1352 602 encrat

94 618 273 670 καρυκῶν,
284 619 444 657 debebat
457 618 658 658 emendare
673 618 851 669 &legere
865 632 1032 667 καρικων,
1047 616 1088 655 8(
1101 627 1250 655 vertere
1263 617 1352 667 mas-

85 671 151 723 sas
165 671 376 718 Οανὶεανιινη,
390 672 450 711 [eu
464 673 591 721 ficuum
605 687 621 709 e
639 672 750 710 Caria.
770 672 806 710 N
810 683 869 708 am
884 671 923 709 ὃ(
934 669 1104 716 παλάθη,
1117 669 1208 708 teste
1225 669 1353 709 Eusta-

91 724 196 770 thio,
214 725 267 763 est
281 739 352 763 των
367 740 521 776 καρικων
536 723 698 763 {mo-vitos
684 739 773 772 σσις,
787 724 892 777 quod
905 723 1052 763 Gallice
1067 701 1226 762 dicimus
1238 739 1284 762 un
1295 740 1355 762 ca-

94 779 157 816 bas
171 779 352 832 defigues:
372 778 413 817 &
432 780 477 817 de
491 777 642 817 ficubus
659 780 736 817 hoc
753 778 872 817 loco
862 778 1006 828 agitur:
1032 789 1117 814 nam
1134 777 1280 815 dixerat
1298 780 1354 815 τὰ,

92 836 251 884 χλυκέοι
273 845 356 870 σιτε
359 846 437 870 nou
458 832 523 870 καὶ
541 832 722 881 μάλιστα
735 832 806 869 τας
821 829 1012 882 ἰσχάὲοις
1029 830 1183 868 dulcibus
1197 830 1354 881 testatur,

92 885 129 923 δ’
137 900 312 937 praec1pue
317 887 456 936 ficubus
470 885 593 923 aridis:
609 884 649 922 &
665 883 783 922 infra
776 896 813 922 tn
829 883 1024 924 Revivisc.
1043 883 1245 922 vrotm'tssm’
1233 884 1356 936 ισχέι-

91 937 167 978 δ’ων
179 937 282 977 dicit.
302 938 357 977 At
367 937 475 989 Cary
478 951 521 977 ca
537 938 628 977 fuit
621 938 791 976 intritum
812 937 1024 989 quoddam
1049 936 1112 975 vel
1130 937 1354 976 condimen·

90 1001 174 1030 tum
190 1003 238 1029 ex
253 990 433 1043 sanguine
448 992 527 1030 aliis
539 991 653 1030 rebus
666 991 834 1029 admixto
847 989 1005 1038 faelum,
1021 990 1065 1028 de
1078 1003 1158 1041 quo
1174 990 1275 1029 nulla
1289 990 1353 1029 hic

88 1045 261 1087 mentio:
275 1044 371 1084 ficus
384 1057 480 1083 vero
493 1058 514 1084 e
527 1044 671 1083 Rhodo
687 1044 728 1082 ἃ
740 1044 880 1083 Cauno
891 1044 1036 1083 Caricis
1050 1043 1208 1082 urbibus
1222 1043 1351 1096 paffim

88 1097 410 1143 distrahebantur,
433 1098 495 1136 &
488 1111 525 1136 tn
544 1098 685 1137 ltaliam
700 1096 819 1150 usque
837 1097 1104 1148 portabantur,
1123 1107 1166 1135 ut
1182 1109 1283 1149 patet
1303 1111 1353 1137 ex

87 1150 150 1192 M.
167 1150 287 1190 Craffi
299 1150 453 1190 historia
464 1152 565 1204 apud
575 1151 803 1191 Ciceronem
817 1151 879 1189 lib.
890 1165 913 1200 7
925 1151 969 1190 de
984 1150 1250 1190 Divinatione:
1270 1153 1352 1190 Cum

94 1205 155 1243 M.
173 1205 308 1256 Craffits
322 1204 497 1244 exercitum
511 1205 686 1254 Brundifii
698 1205 888 1255 imponeret,
903 1205 1037 1257 quidam
1053 1204 1087 1241 in
1099 1217 1199 1255 portu
1215 1206 1353 1244 Caricas

99 1258 220 1297 Cauno
234 1261 388 1297 adveblas
401 1261 560 1304 vendens,
575 1260 712 1297 Cannae
725 1260 802 1304 has,
816 1260 1024 1298 clamitabat.
1046 1257 1107 1296 Sic
1122 1258 1159 1296 ἃ
1173 1257 1353 1297 Chelido-

93 1311 180 1350 niae
191 1309 302 1356 ficus,
322 1324 344 1350 a
359 1289 592 1352 Chelidoniis
610 1311 738 1350 inlulis
753 1324 836 1350 non
859 1312 974 1362 longe
993 1325 1014 1350 a
1026 1310 1160 1350 Cariae
1174 1312 1289 1351 litore
1302 1312 1352 1352 fic

93 1363 223 1403 diclae.
242 1365 345 1417 Ergo
362 1377 467 1404 totus
481 1365 541 1404 ille
557 1364 697 1404 trac‘lus
715 1364 850 1404 Cariae
865 1379 885 1403 a
900 1365 1043 1404 Rhodo
1058 1364 1176 1416 usque
1191 1365 1236 1403 ad
1250 1364 1353 1404 che-

89 1416 256 1456 lidonias
269 1418 420 1458 ficubus
435 1418 660 1457 abundabat.
673 1419 764 1457 Ideo
777 1419 816 1458 δι
827 1419 956 1457 viliori
967 1419 1089 1471 pretio
1103 1418 1352 1457 distraheban-

96 1480 172 1517 tur,
185 1471 405 1511 &utiliores
418 1473 463 1511 ad
477 1472 660 1524 mancipia
675 1472 871 1524 pascenda,
884 1474 989 1523 quod
1003 1472 1062 1511 hic
1074 1471 1213 1523 [peetat
1225 1484 1351 1511 emtor

90 1521 291 1577 Diogenis.
303 1525 366 1564 De
379 1525 526 1564 ficubus
540 1537 665 1564 autem
679 1538 700 1564 e
710 1526 867 1571 Rhodo,
880 1525 1036 1571 Cauno,
1050 1526 1090 1565 δι
1103 1524 1351 1573 Chelidoniis,

85 1557 200 1617 videD
195 1578 334 1618 Athen.
346 1579 409 1617 lib.
423 1592 489 1632 3,c
516 1578 675 1630 3.Plura
689 1578 830 1631 poffem
846 1591 1073 1630 congerere,
1093 1577 1153 1616 sed
1167 1578 1259 1618 haec
1271 1592 1353 1619 cre·

94 1630 146 1670 do
162 1630 349 1671 sufficiunt
369 1633 413 1671 ad
428 1594 649 1671 firmandam
666 1632 865 1671 leftionem
879 1648 1045 1685 καρικων.
1068 1631 1202 1671 PALM.

90 1714 92 1716 >
148 1687 222 1723 ead.
239 1686 262 1723 l.
279 1700 317 1735 7.
342 1686 434 1725 Τον
422 1701 455 1725 εν
467 1685 548 1739 χρῷ
561 1688 703 1738 κουρίαν
720 1685 865 1738 ἐκεῖνον)
882 1685 1087 1737 Detonsutn.
1110 1686 1253 1724 Mirum
1275 1685 1351 1734 est,

91 1737 320 1791 interpretes
332 1740 369 1777 in
379 1739 435 1778 his
445 1740 624 1779 omnibus
634 1739 769 1791 dialog.
781 1739 868 1779 hac
861 1752 899 1778 tn
911 1753 953 1779 re
962 1738 1149 1792 peccasse,
1161 1739 1245 1777 dico
1255 1739 1353 1792 post-

90 1803 149 1830 ea.
165 1791 278 1844 Angl.
303 1793 336 1832 ἐν
347 1806 432 1845 χρῳ
445 1794 585 1845 κουρίαν
606 1793 658 1831 ἐκ
677 1793 849 1832 Eoum).
869 1795 1012 1845 Κουρίαν
1028 1792 1190 1845 postulat
1205 1792 1353 1840 sensus;

89 1845 277 1885 necdeest
289 1846 510 1886 auctoritas.
529 1846 589 1885 Sic
603 1847 703 1886 enim
715 1847 752 1884 in
770 1846 884 1898 Angl.
896 1846 986 1885 teste
998 1846 1248 1885 Bourdelotio
1262 1846 1351 1898 legi-

93 1907 169 1937 tur.
182 1899 243 1938 Sic
253 1900 368 1938 etiam
381 1899 421 1938 P.
431 1900 471 1939 &
483 1900 524 1938 L.
536 1900 576 1938 &
588 1899 638 1939 stc
649 1901 788 1940 citatur
799 1901 836 1938 in
835 1880 979 1938 c’Const
989 1899 1040 1938 Le
1047 1913 1142 1938 xtco.
1154 1899 1350 1939 Praeterea

92 1950 146 1991 {ic
166 1953 278 1992 etiarn
299 1953 459 2005 legitur
452 1967 489 1992 1n
505 1961 631 2005 Apcwr.
655 1966 688 1992 c.
704 1968 767 2000 27,
792 1949 984 2006 ὕπωχρον,
1002 1955 1036 1992 ἐν
1051 1968 1153 2005 χρῳ.
1150 1956 1298 2004 νουρίειν,
1315 1955 1349 1992 ἐν

93 2006 222 2057 γενείῳ
246 2006 352 2050 fiaes
317 2023 358 2045 cn
381 2006 538 2059 Reliqui
553 2007 637 2045 hbri
658 2020 793 2047 omnes
809 2008 869 2046 hic
885 2008 1041 2058 κουρίας,
1063 2008 1251 2045 mendoie.
1278 2007 1350 2045 Sed

93 2058 168 2096 iam
184 2060 320 2099 adrem
334 2059 469 2113 ipsam:
487 2061 555 2113 qui
568 2059 708 2099 factum
721 2060 786 2107 est
800 2060 962 2112 inquies,
976 2071 1030 2101 ut
1041 2073 1106 2112 qut
1117 2060 1272 2099 barbam
1289 2074 1349 2099 ra·

93 2111 183 2151 dere
196 2113 376 2152 nolebant
388 2114 516 2161 Stoici,
531 2127 680 2153 comam
696 2114 795 2153 alere
807 2111 1035 2153 recusarint?
1050 2114 1188 2152 Verbo
1200 2115 1348 2162 dicam3

78 2166 184 2217 <quia
198 2167 504 2206 muliercularum
520 2167 596 2207 hoc
609 2168 682 2207 effe
694 2168 877 2220 putabant
889 2179 1039 2206 comam
1056 2169 1290 2218 promittere,
1310 2169 1348 2207 in

95 2230 223 2271 eoque
236 2231 323 2259 cum
339 2220 561 2273 graviffimis
574 2222 745 2261 omnium
758 2221 934 2260 ordinum
949 2221 1040 2259 viris
1055 2220 1262 2259 sentiebant
1275 2236 1286 2268 3
1310 2223 1351 2260 in

94 2283 144 2311 eo
155 2273 306 2321 diverfi,
322 2275 429 2326 quod
442 2288 529 2313 cum
541 2275 656 2313 ceteri
670 2274 779 2314 brevi
793 2275 945 2334 quidem
958 2286 1084 2320 coma,
1104 2273 1164 2312 sed
1185 2275 1350 2326 eleganti

95 2335 307 2374 uterentur,
322 2327 439 2367 Stoici
457 2327 617 2380 forcipe,
629 2340 716 2367 cute
727 2340 851 2376 tenus,
862 2341 916 2366 ov
920 2341 998 2367 tum
1011 2328 1048 2365 in
1061 2329 1217 2366 modum
1231 2340 1348 2380 caput

80 2396 83 2398 ·
96 2380 306 2419 tonderent.
327 2380 448 2420 Cuius
459 2381 621 2420 instituti
631 2383 731 2421 ratio
747 2392 812 2420 aut
825 2381 1020 2433 superbiae
1029 2394 1164 2419 eorum
1179 2382 1348 2433 imputa-

95 2431 131 2469 ri
142 2432 265 2479 debet,
274 2447 355 2486 quo
370 2434 405 2474 se
418 2447 440 2473 a
455 2436 603 2480 ceteris,
617 2446 659 2474 ut
668 2437 771 2474 barba
784 2435 823 2474 &
833 2435 976 2487 pallio,
968 2447 1017 2473 tta
1029 2434 1069 2473 δι
1079 2434 1148 2474 hac
1161 2436 1273 2473 etiam
1289 2448 1349 2473 ra-

95 2484 199 2524 tione
211 2486 495 2539 distinguerent3
509 2499 575 2527 aut
596 2489 798 2540 gravitati,
821 2501 869 2526 ne
888 2488 993 2527 cultu
1016 2488 1085 2526 isto
1105 2487 1173 2526 fibi
1193 2500 1258 2527 aut
1269 2488 1348 2527 aliis

97 2537 255 2579 nimium
269 2540 470 2593 placerent.
481 2541 627 2596 Quam
638 2555 678 2583 re
689 2553 733 2582 ut
745 2519 880 2606 eriaffe
892 2554 959 2582 eos
972 2540 1078 2582 facile
1090 2541 1347 2587 concefferim,
