2015 3490
318 173 388 220 IN
420 173 723 221 VITARUM
758 174 1159 223 AUCTIONEM.
1276 190 1370 243 437

96 263 256 305 ὃιεέὀῦη.
271 264 318 304 Et
341 265 442 304 hanc
463 275 585 305 vocat
600 264 803 305 Graeciam
830 278 990 320 propter
1010 267 1250 308 Graecorum
1272 268 1368 308 olim

97 319 271 359 colonias
292 319 330 357 in
349 319 465 357 ltalia.
485 318 684 370 Contigit,
699 332 742 358 ut
756 319 823 358 soli
843 320 1032 360 fertilitate
1052 322 1309 374 &opulentia
1328 322 1370 361 δι

51 399 53 404 .
97 374 271 412 virorum
288 373 400 424 copia
415 374 553 425 Magna
571 373 715 411 Gmecia
727 386 770 411 ea
784 386 870 425 pars
885 374 1084 414 diceretur.
1103 377 1150 414 G.

154 427 245 477 Pag.
261 425 322 474 87.
340 425 364 463 l.
389 440 422 463 2.
438 425 667 478 Τριακόσιοι)
689 425 797 477 Quia
819 428 858 464 in
880 427 1023 480 Magna
1045 427 1210 468 Graecia
1234 428 1370 479 habuit

97 478 338 531 Pythagoras
349 478 533 517 eiusmodi
548 477 632 518 disci
666 480 822 518 ulorum
839 481 994 525 noivbssix
1006 511 1017 528 ‚
1033 479 1096 520 seu
1112 481 1298 532 confimia,
1321 483 1368 522 de

102 523 242 585 quibus
254 532 340 570 vide
352 531 410 570 Io.
429 530 609 571 Scheffer.
653 532 715 572 hil.
731 532 811 572 Ital.
824 546 906 585 cap.
924 547 980 580 14.
997 534 1121 574 CLER.
1139 535 1304 587 Respicit
1320 536 1368 574 ad

97 598 233 625 eorum
258 584 532 636 discipulorum
556 598 760 625 numerum
775 617 786 635 ‚
811 599 912 638 quos
933 587 1006 627 illic
1029 587 1197 627 habuiffe
1220 589 1369 630 dicitur.

98 638 270 690 Quidam
291 649 418 677 tamen
432 639 522 684 600,
543 649 610 678 aut
627 651 677 679 eo
692 640 818 693 plures
834 639 940 679 fuisse
952 642 1070 680 aiunt.
1081 642 1184 680 Vide
1198 641 1370 694 Diogen.

100 692 226 731 Laert.
243 705 342 740 214,
358 691 397 730 δι
411 702 492 731 not.
507 691 665 733 SOLAN.

151 748 225 784 ead.
238 746 260 783 l.
279 759 310 798 5.
325 745 526 798 Ποντικὸν)
543 745 606 785 De
619 745 796 798 Diogene
809 746 968 797 Cynico
979 778 990 796 ‚
1008 748 1073 800 qui
1087 746 1158 786 fuit
1177 747 1370 787 Σινωπεὺς

98 799 146 838 ab
162 799 312 838 Euxino
326 810 469 851 ponto,
490 798 574 852 lege
592 799 800 839 Laenium.
822 800 868 839 G.
888 800 1106 854 Sinopensis
1125 811 1205 840 erat
1219 801 1368 855 Dioge-

99 864 166 892 nes
176 881 187 900 ‚
204 865 303 905 quae
316 852 406 891 urbs
419 853 541 892 Ponti.
555 853 712 893 Sor-AN.

152 908 225 945 ead.
238 907 260 944 l.
278 920 315 955 7.
327 905 368 943 ‘O
383 906 446 945 ‘triv
457 903 576 957 πήραν
588 906 836 959 ἐξηρτημένος,
853 906 867 945 ὃ
883 906 1064 961 ἐξωμίας)
1079 907 1196 947 Certe
1206 908 1274 946 vix
1286 920 1368 948 cre-

98 958 223 1008 dibile,
232 959 280 998 ab
291 958 498 999 Benedi&o
510 973 587 999 non
599 961 838 1000 emendatam
850 961 1067 1000 versionem
1078 962 1253 1001 editionis
1265 975 1374 1014 prae-

98 1013 275 1059 cedentis,
290 1012 350 1052 sed
362 1012 402 1051 δι
415 1013 462 1052 ab
479 1013 543 1052 illo
555 1012 709 1053 versum
722 1014 810 1061 effe,
824 1015 880 1053 cui
891 1030 934 1053 ex
947 1016 1090 1054 humeris
1094 1031 1176 1067 pera
1190 1018 1345 1065 dependet
1348 1031 1366 1063 ‚-

99 1078 142 1106 ut
162 1067 263 1106 reete
275 1079 445 1106 errorem
460 1065 524 1105 hic
539 1067 809 1108 animadvertit
822 1068 1036 1108 palmerius.
1059 1069 1130 1108 Sed
1142 1082 1266 1121 neque
1279 1070 1370 1120 ἐξω-

97 1120 163 1170 [Aac
184 1120 259 1160 hoc
276 1120 366 1160 loco
382 1119 671 1167 consideranda,
689 1132 730 1161 ut
746 1120 891 1161 servilis
911 1122 1042 1170 vestis,
1060 1121 1121 1161 sed
1144 1133 1186 1161 ut
1236 1125 1368 1174 ropria

97 1173 365 1225 Cynicorum,
386 1174 526 1225 quibus
547 1175 650 1213 nulla
674 1187 760 1226 pars
783 1175 983 1216 hominum
1004 1176 1168 1215 liberior.
1231 1175 1369 1216 onsule

101 1227 263 1267 collecta
275 1227 322 1266 ab
343 1227 432 1266 oet.
449 1227 627 1268 Ferrario
641 1241 736 1281 part.
757 1229 790 1268 11
805 1229 876 1269 Rei
895 1229 1106 1270 Vestiariae
1120 1229 1184 1268 lib.
1202 1245 1250 1278 4,
1270 1243 1302 1270 c.
1318 1241 1369 1270 20

100 1280 142 1320 &
161 1295 219 1320 22.
237 1280 381 1321 GRON.

151 1335 231 1373 ibid.
244 1335 285 1372 ‘0
309 1333 504 1387 ἐξωμίας)
526 1335 648 1374 Peram
669 1337 899 1388 dependentem
921 1338 1045 1376 liabens
1066 1352 1109 1385 ex
1129 1337 1284 1376 humeris.
1307 1337 1373 1377 Ita*

99 1389 219 1428 vertit
232 1389 438 1440 interpre53
454 1388 558 1441 quasi
576 1388 672 1439 ὠμίαι
688 1390 905 1430 inveniatur
918 1404 990 1443 pro
1007 1391 1186 1435 humero,
1203 1390 1245 1429 δε
1256 1390 1368 1443 legis-

99 1441 154 1481 set
168 1441 292 1481 deleto
307 1442 470 1481 articulo
485 1443 524 1492 ἐξ
540 1441 657 1492 ὦμίας
673 1442 882 1484 distinffim.
896 1444 1096 1496 Sed-longe
1109 1445 1257 1482 aberrat
1268 1457 1289 1481 a
1301 1457 1371 1483 ve-

100 1508 142 1535 ra
159 1496 482 1549 interpretatione.
494 1495 534 1534 ‘0
552 1497 713 1547 ἐξωμίας
732 1496 805 1543 est,
823 1498 888 1549 qui
906 1497 1077 1548 ἑξωμίέα
1101 1498 1233 1543 habet,
1257 1498 1297 1537 δι
1321 1510 1367 1537 ea

100 1548 251 1601 insignis
263 1548 337 1589 est:
354 1548 491 1598 ἒξωμὶς
504 1562 633 1589 autem
646 1549 699 1589 est
713 1550 824 1590 vestis
839 1551 993 1594 servilis,
1009 1551 1059 1590 fic
1073 1550 1182 1598 ἀίξὶῑι,
1197 1563 1245 1588 eo
1258 1551 1377 1602 quod

102 1603 304 1642 humerum
320 1603 462 1642 nudum
474 1603 514 1642 ὅ(
527 1603 715 1643 exsertum
727 1604 1062 1644 ostendebat.Vide
1076 1604 1243 1645 Gellium
1255 1604 1316 1643 lib.
1326 1618 1367 1653 7,

103 1669 136 1697 c.
155 1670 168 1694 ι
178 1671 198 1695 2
209 1686 220 1704 ‚
233 1657 299 1696 ubi
313 1669 396 1695 eam
411 1669 552 1696 vocem
568 1658 849 1711 interpretatur.
863 1659 965 1697 Vide
977 1658 1214 1709 Hesychium
1230 1658 1270 1696 δι
1282 1658 1367 1697 Sui-

101 1710 187 1749 dam
203 1711 295 1749 inea
307 1723 417 1750 voce.
434 1709 568 1751 PALM.
581 1712 669 1750 Vid.
684 1712 876 1751 Fabricius
896 1712 944 1751 ad
958 1711 1058 1752 Sext.
1078 1711 1217 1762 Empir.
1238 1725 1275 1764 p.
1294 1726 1367 1764 39,

102 1763 253 1804 Salmas.
270 1764 315 1804 ad
327 1763 485 1803 Tertull.
504 1765 549 1804 de
560 1765 647 1804 Pan.
664 1779 699 1818 p.
717 1780 734 1818 3
746 1778 762 1818 5
773 1779 806 1817 5,
820 1766 859 1805 it.
876 1780 912 1818 p.
935 1767 1006 1818 396
1018 1765 1119 1818 seqq.
1135 1765 1265 1804 GizsN.

156 1819 229 1857 ead.
241 1818 266 1856 l.
281 1831 295 1855 i
307 1831 338 1856 1.
353 1817 495 1858 Πωλεῒς
510 1820 572 1858 τὸν
585 1817 779 1872 ἐλεύθερον)
796 1819 926 1859 Incidit
944 1820 981 1858 in
1002 1832 1167 1871 poenam
1187 1818 1278 1869 legis
1292 1817 1367 1857 Fa-

101 1870 208 1916 biae,
222 1872 288 1924 qui
301 1871 462 1910 liberum
485 1885 555 1924 pro
575 1871 687 1911 servo
712 1873 853 1914 vendit.
875 1873 937 1913 Sic
957 1873 1011 1913 tit.
1032 1872 1168 1911 ultimo
1186 1871 1303 1911 Instit.
1320 1872 1375 1914 de.

101 1924 205 1979 publ.
216 1924 296 1964 Iud.
314 1924 430 1977 Apul.
445 1925 509 1964 lib.
527 1925 562 1964 8.
580 1926 753 1965 BOURD.

158 1979 192 2017 ὶη
205 1979 321 2020 Schol.
334 1979 397 2017 col.
417 1992 448 2017 1.
467 1980 491 2018 l.
504 1994 536 2032 3.
548 1979 727 2030 Ἐ-ξωμίοις
741 1980 875 2025 fineen.)
890 1976 1036 2030 Εὗξίνου
1053 1981 1182 2018 eratin
1201 1979 1243 2017 V.
1260 1979 1300 2017 &
1315 1979 1369 2019 Α.’

102 2032 160 2071 ed.
181 2032 285 2072 Idem
309 2032 355 2072 C.
376 2031 520 2084 separat
545 2032 890 2084 Πὸντου·Ἐξωμία,ς
911 2033 1081 2071 ἐκαλεῖτο
1107 2033 1180 2072 ἃς.
1203 2033 1307 2085 quod
1322 2043 1367 2072 ut

105 2085 205 2125 haud
225 2086 391 2125 alienum
406 2097 557 2137 putem,
574 2086 691 2125 malui
712 2097 841 2125 tamen
859 2087 1066 2126 rotundius
1087 2087 1219 2125 ordine
1242 2086 1368 2125 conti-

103 2152 184 2179 nuo
197 2139 334 2180 cuneta
346 2139 432 2192 legi.
449 2139 609 2179 Solanus
620 2152 687 2179 cur
702 2141 919 2193 interponat
932 2139 1110 2192 Ἐξωμίοις
1123 2139 1168 2180 δὲ
1179 2139 1378 2187 ἐκαλεῖτο,

103 2193 214 2234 causa
228 2206 309 2233 non
326 2193 390 2232 est.
407 2194 570 2232 HEMST.

161 2248 239 2286 ibid.
255 2248 278 2286 l.
292 2247 327 2285 6.
344 2246 590 2300 Ἐξωμίὲριοι)
605 2247 666 2287 Sic
686 2245 867 2300 scriptum
889 2246 1062 2286 invenio:
1087 2245 1148 2286 sed
1166 2246 1368 2298 legendum

105 2298 307 2353 ἒξωμέὲια..
321 2300 477 2339 SOLAN.

161 2355 240 2392 ibid.
254 2354 317 2393 col.
335 2368 370 2393 2.
389 2355 413 2391 l.
433 2347 616 2406 2.‘'E¹r÷p05
629 2353 858 2405 μασχάλῃ)
881 2354 922 2392 L.
949 2352 1271 2406 ἑτερομεὶσχαλος.
1292 2352 1369 2392 So.-

106 2418 206 2451 LAN.
220 2408 316 2446 Vox
329 2407 601 2447 Grammaticis
614 2407 746 2446 usitata
759 2437 769 2452 ,
785 2407 938 2458 quando
949 2418 1163 2458 exponunt,
1176 2405 1288 2459 quale
1301 2418 1370 2444 ve-

110 2460 272 2502 stimenti
289 2472 408 2516 genus
422 2459 538 2502 fuerit
559 2461 705 2516 ἑξωμίς.
727 2460 898 2512 Etymol.
914 2460 1132 2511 ἰηἚξωμὶς,
1146 2458 1315 2512 Hesycii.
1331 2458 1372 2507 ii)

1013 2514 1129 2566 Ee3

51 3478 115 3490 Q.
