2015 3490
670 272 761 321 ςη
870 220 1746 307 ANNOTATIONES

715 347 796 385 ibid.
809 343 1035 398 Κοχλίὸων)
1053 345 1318 397 Conchyliorutn
1332 375 1343 394 ‚
1357 347 1531 387 muricum.
1548 349 1691 389 BROD.

713 401 787 438 ead.
799 399 823 436 l.
834 413 868 452 3,
880 400 1065 447 Γνίφωνα)
1081 399 1231 439 Confer
1250 399 1361 453 supra
1375 401 1533 441 Timon.
1551 404 1664 443 esult.
1679 403 1719 444 δι
1733 402 1816 444 Vit.
1837 405 1939 448 au&

632 484 636 485 γ
658 464 692 494 c.
711 466 775 504 23,
790 453 857 491 ubi
872 453 1054 506 ’γνὺφωνα
1067 466 1140 503 pro
1153 454 1315 505 Γνίφωνα
1330 455 1428 494 male
1443 455 1592 508 legitur.
1604 457 1763 496 SOLAN.

712 509 787 545 ead.
811 507 834 544 l.
861 519 917 545 10.
941 505 1023 545 Τοῖς
1047 506 1283 561 samium)
1309 506 1395 560 Qui
1411 509 1615 562 pecuniam
1637 510 1939 553 contreelabant.

661 560 803 600 BROD.
819 560 911 599 Non
933 559 1088 599 videtur
1102 561 1300 601 Brodaeus
1315 562 1362 600 ad
1381 561 1576 615 sequentia
1597 564 1795 617 respexisse
1806 595 1818 614 ‚
1835 579 1939 618 quae

658 614 789 653 dicunt
805 614 929 665 digitos
948 614 1007 653 hic
1021 614 1068 652 ad
1081 613 1391 668 supputationem
1406 611 1600 656 adhibitos
1610 647 1622 663 ‚
1639 631 1717 658 non
1732 619 1779 658 ad
1788 631 1938 660 contre-

662 667 884 707 &ationem
904 667 1037 707 Solent
1056 669 1159 707 enim
1178 671 1285 708 avari
1305 671 1476 722 quotidie
1497 669 1625 710 secum
1639 683 1800 724 putare,
1818 686 1938 726 quan-

661 733 744 761 tum
767 734 1018 761 nummorum
1041 722 1215 761 habeant.
1236 723 1370 763 Solent
1390 724 1544 777 quidem
1566 726 1679 764 etiam
1701 725 1803 779 ipsos
1824 740 1939 766 num-

658 789 747 816 mos
763 775 1025 815 dele&ationis
1041 775 1152 815 causa
1169 776 1433 825 contreEtare3
1452 778 1513 817 sed
1527 779 1617 830 quia
1635 779 1681 818 de
1693 793 1743 820 eo
1758 781 1818 820 hic
1833 781 1938 821 nulla

658 831 823 876 mentio,
838 842 918 869 non
939 842 1039 883 opus
1059 829 1114 868 est
1125 831 1289 870 Brodaei
1308 832 1636 884 interpretatione.
1650 833 1712 872 Est
1725 845 1854 873 autem
1872 847 1939 874 an-

660 885 794 936 tiquus
819 883 881 923 ille
903 896 987 923 mos
1009 884 1133 935 digitis
1153 884 1194 924 &
1218 885 1385 924 articulis
1405 887 1681 938 computandi,
1704 886 1790 927 satis
1809 900 1938 929 notus.

660 938 820 991 Alioqui
837 937 914 976 vid.
936 938 1159 990 interpretes
1178 939 1225 977 ad
1247 938 1450 992 vulgatum
1470 939 1562 978 illud
1582 940 1761 981 Iuvenal.
1783 941 1859 981 Sat.
1877 943 1938 992 X,

660 1006 753 1044 249,
771 1015 815 1022 —
827 993 915 1043 suos
929 992 997 1031 iam
1011 995 1130 1031 dextra
1140 1005 1315 1046 computat
1324 1008 1450 1040 annos,
1465 992 1508 1032 δῖ.
1521 993 1739 1035 Taubman.
1754 996 1802 1035 ad
1812 995 1937 1038 Plaut.

656 1046 744 1086 Mil.
760 1045 857 1098 glor.
873 1059 908 1098 p.
925 1047 1016 1098 673.
1030 1045 1174 1084 RErrz.

711 1104 784 1149 qad.
800 1101 822 1138 l.
842 1113 856 1138 1
870 1113 900 1138 1.
915 1097 1230 1152 Μυριάὲας),νὶ(ὶ.
1244 1098 1341 1139 infra
1356 1103 1469 1140 Μία-3.
1483 1113 1517 1140 c.
1531 1114 1592 1141 20.
1606 1101 1766 1142 SOLAN.

713 1156 786 1197 ead.
806 1155 830 1193 l.
848 1167 902 1192 12.
918 1152 1211 1203 Ἐκλυθησόμενα
1225 1154 1241 1207 )
1265 1154 1382 1206 Angl.
1399 1154 1522 1206 ἑκχυθ
1533 1187 1543 1195 .
1555 1186 1565 1196 .
1581 1185 1590 1194 .
1601 1156 1775 1197 BOURD.
1791 1156 1937 1210 Ἔκχυ-

657 1208 786 1258 etism.
800 1207 816 1261 )
832 1207 874 1246 In
892 1219 1040 1246 textum
1061 1208 1276 1261 recepimus
1292 1208 1496 1248 lectionem
1512 1209 1656 1249 codicis
1667 1211 1783 1264 Angl.
1795 1211 1876 1252 Ox.
1892 1213 1935 1253 δε

654 1261 696 1300 Ρ.
705 1263 778 1300 alia
791 1262 892 1300 enim
903 1261 979 1309 illa,
989 1274 1088 1314 quae
1102 1262 1142 1300 in
1155 1262 1320 1315 vulgatis
1331 1261 1398 1308 est,
1409 1260 1599 1302 ἒκλυθνὸσο.
1610 1293 1619 1302 .
1631 1294 1642 1303 .
1652 1277 1731 1304 non
1743 1265 1938 1318 placet.V.
1965 1264 1975 1276 ⁹

655 1319 739 1365 Τιμ.
757 1328 790 1354 c.
808 1329 854 1364 14
865 1347 876 1364 ‚
894 1316 959 1354 ubi
971 1315 1103 1354 eadem
1119 1314 1245 1369 phrasi
1256 1317 1389 1356 utitur.
1405 1316 1568 1357 SOLAN.
1582 1317 1736 1358 Lubens
1749 1319 1936 1359 ausculta-

657 1370 700 1409 vi
715 1370 882 1419 Solano,
901 1369 1098 1421 vulgatam
1111 1369 1384 1420 ἑκλυθησόμενα
1404 1371 1443 1408 in
1457 1371 1740 1424 ἐκχυθησόμενα
1760 1372 1937 1413 mutanti.

657 1423 731 1463 Sed
745 1437 858 1477 proc.
876 1438 923 1471 14
941 1424 1097 1464 Luciani
1109 1455 1120 1472 ‚
1135 1425 1241 1476 quod
1255 1425 1368 1470 citat,
1382 1423 1459 1463 vid.
1477 1437 1510 1464 c.
1525 1439 1569 1478 23
1584 1425 1687 1465 Tim.
1705 1425 1730 1465 f.
1747 1427 1844 1466 Nam
1862 1427 1935 1467 alia

655 1477 755 1516 fausta
775 1477 829 1517 est
850 1477 988 1517 divisio
1001 1507 1011 1525 ‚
1037 1488 1154 1530 atque
1175 1478 1236 1518 ille
1257 1477 1482 1517 instituerat.
1504 1478 1594 1518 Post
1612 1479 1705 1520 haec
1719 1490 1846 1520 autem
1862 1493 1936 1521 nos

656 1532 815 1571 eandem
829 1533 1001 1585 capitum
1013 1531 1318 1572 distributionem
1332 1531 1588 1580 servavimus,
1597 1547 1712 1587 quam
1725 1534 1786 1575 ille
1798 1535 1837 1574 in
1848 1535 1937 1576 Iun-

656 1588 737 1625 tin’a
750 1586 1025 1638 designaverat.
1039 1586 1187 1625 Rmz.
1480 1587 1483 1590 ’

712 1641 804 1693 Pag.
819 1640 903 1693 198.
921 1642 943 1679 l.
962 1637 1274 1693 1.,Ἀνιμιίσηται)
1288 1639 1358 1680 Ms.
1372 1639 1598 1690 ἀνασπάσῃ.
1615 1641 1786 1682 BOURD.

710 1698 782 1733 ead.
802 1695 825 1734 l.
840 1709 875 1746 9.
894 1694 950 1732 Μὴ
969 1693 1272 1748 ἀπαγορεύσας)
1295 1693 1367 1734 Ms.
1391 1690 1589 1735 ἁτονῆσας.
1608 1695 1804 1737 Lucianea
1822 1710 1935 1751 pror·

656 1746 720 1788 sus
731 1747 860 1788 dietio.
874 1748 1048 1787 Romu).
1272 1746 1276 1752 “

711 1805 786 1841 ead.
802 1803 826 1841 l.
841 1816 855 1840 1
865 1817 899 1850 4.
917 1800 1185 1855 Προκαταχθ.)
1198 1801 1279 1840 Diu
1295 1815 1356 1841 me
1367 1815 1450 1841 vox
1469 1801 1562 1842 haec
1578 1802 1699 1843 torsit.
1711 1804 1840 1844 Video
1852 1815 1936 1844 tan-

655 1855 741 1895 dem
755 1886 765 1903 ‚
783 1857 877 1909 quid
893 1854 1090 1908 significet.
1114 1855 1348 1909 Κατέυγομαι
1369 1856 1422 1895 est
1433 1858 1592 1908 diversari
1610 1887 1622 1903 ,
1645 1857 1791 1910 hospitio
1811 1860 1935 1913 excipi.

654 1920 819 1962 uterque
831 1912 1017 1963 interpres
1028 1911 1135 1949 aliter
1148 1909 1385 1950 &intellexit
1397 1910 1437 1948 δε
1451 1911 1575 1950 vertit.
1590 1911 1752 1951 SOLAN.

711 1967 784 2003 ead.
797 1966 887 2004 l.16.
902 1964 972 2002 Καὶ
986 1964 1049 2012 σὺ,
1066 1958 1092 2003 ἔ)
1106 1962 1234 2017 Ἑρμῆ)
1250 1964 1409 2009 Mirum,
1427 1965 1720 2011 Bourdelotium
1736 1978 1816 2005 non
1827 1979 1933 2006 rece·
1991 2008 1996 2013 ,

657 2017 750 2071 pisse
763 2017 834 2057 Ms.
850 2018 1052 2070 Anglicani
1067 2017 1291 2070 scripturam
1303 2047 1313 2064 ‚
1328 2019 1394 2070 qui
1413 2031 1506 2058 vere
1526 2032 1614 2058 cum
1630 2021 1722 2059 meis
1743 2022 1935 2074 excerptis

655 2072 785 2112 scribit
796 2103 807 2120 ‚
823 2073 888 2111 καὶ
902 2071 947 2111 σὺ
961 2071 1068 2124 Ἕρμνῖ
1084 2073 1390 2118 συνανάσπασον,
1403 2073 1437 2111 6›
1452 2074 1605 2124 tufimul
1622 2074 1784 2121 extrahe,
1799 2087 1934 2128 quam-

655 2128 720 2167 vis
732 2127 890 2179 vulgata
904 2139 983 2165 non
996 2125 1040 2165 sit
1053 2125 1294 2165 exsibilanda.
1310 2126 1485 2166 GRAEV.

710 2181 790 2220 ibid.
811 2181 1061 2231 Συνάρπασον
1076 2181 1093 2232 )
1106 2176 1224 2231 Αηὲῐ.
1241 2181 1552 2219 συνανάσπασον.
1574 2180 1746 2220 BOURD.
1765 2181 1933 2221 Συνανέι-

657 2249 811 2274 σπασον
823 2235 872 2274 Α.
884 2234 933 2274 G.
956 2234 993 2275 P.
1015 2235 1056 2274 &
1071 2235 1117 2273 ·L.
1131 2235 1376 2286 Συνάρπασον
1401 2234 1436 2272 in
1461 2233 1531 2274 Ms.
1547 2234 1599 2273 O.
1617 2235 1658 2274 81.
1676 2235 1757 2274 edd.
1775 2236 1864 2275 Vid.
1882 2241 1931 2276 Δ.

655 2302 744 2339 φων.
761 2302 794 2329 c.
809 2304 833 2338 4
847 2319 856 2335 ,
873 2287 959 2328 ‘Io-⁷.
973 2290 996 2334 β
1009 2318 1020 2336 ,
1033 2301 1063 2328 c.
1082 2288 1106 2326 6
1120 2320 1130 2337 ‚
1144 2289 1182 2326 δι
1198 2290 1269 2327 Ὀν.
1283 2301 1315 2328 c.
1332 2303 1356 2336 4
1370 2288 1436 2327 bis.
1450 2288 1608 2328 SOLAN.

714 2343 803 2395 Pag.
825 2356 907 2395 199.
920 2343 943 2381 l.
959 2344 995 2382 6.
1012 2346 1090 2380 Τὰς
1107 2341 1306 2394 ἀληθείας)
1321 2342 1380 2382 Sic
1394 2356 1530 2381 omnes
1547 2343 1687 2381 habent
1697 2357 1710 2391 ;
1724 2343 1830 2395 quod
1843 2343 1934 2383 ideo

654 2395 906 2436 observatum
919 2397 1045 2443 volui,
1060 2410 1107 2435 ne
1122 2397 1211 2435 mihi
1224 2397 1487 2447 imputaretur.
1499 2397 1655 2436 SOLAN.
1670 2398 1813 2436 Mirum
1826 2395 1934 2437 vide·
1966 2395 1971 2398 ”

655 2451 768 2489 batur
792 2450 947 2499 nostro,
963 2451 1068 2504 quod
1091 2451 1188 2503 plur.
1208 2464 1312 2489 num.
1329 2463 1499 2502 ponatur
1511 2450 1699 2490 ιἰληθειας.
1722 2451 1793 2490 Sed
1812 2450 1934 2503 philo·

656 2504 856 2555 sophicum
871 2504 925 2544 est
938 2535 948 2549 ‚
963 2506 1003 2544 δι
1015 2505 1150 2544 deinde
1163 2504 1238 2557 ipse
1252 2504 1337 2543 alibi
1357 2504 1458 2544 refle
1468 2503 1669 2557 adscripsit,
1686 2504 1736 2544 stc
1750 2506 1861 2544 etiam
1876 2505 1932 2544 uti

656 2558 867 2598 Arrianum
886 2559 931 2598 ad
947 2559 1064 2612 Epi&
1084 2559 1124 2606 1,
1141 2572 1175 2599 c.
1199 2574 1224 2607 4
1237 2587 1247 2607 ,
1265 2572 1301 2612 p.
1328 2573 1376 2597 22
1393 2559 1443 2598 A.
1463 2559 1479 2597 ὁ
1499 2559 1723 2612 προκόπτων
1740 2558 1827 2600 ταῖς
1839 2559 1933 2600 άλη-
1979 2574 1982 2576 ’
