2015 3490
628 288 724 336 470
821 230 1698 316 ANNGTATIONES

630 362 676 400 ad
690 360 784 399 haec
799 371 848 399 ex
861 359 905 399 Il.
920 364 932 398 I
946 388 959 405 ‚
971 372 1013 398 v.
1028 357 1118 409 598,
1133 378 1178 387 —
1195 355 1235 395 οὔ
1249 370 1287 394 τι
1301 369 1350 406 με
1363 353 1506 395 ταύτης
1523 353 1620 405 xps&
1634 352 1745 404 τιμῆς
1759 375 1804 384 -
1817 361 1895 395 no2

630 423 708 459 tat,
730 413 766 451 id
788 412 861 452 effe
879 414 1112 461 σολοικισμὸν
1124 412 1231 463 παρὰ
1244 411 1316 448 τὰς
1325 409 1503 447 πτώσεις·
1525 406 1689 447 debuisse
1713 407 1892 449 nimirum

630 468 849 507 Homerum
864 466 990 505 dicere
1000 494 1010 510 ‚
1029 464 1107 503 οὔτι
1119 478 1182 513 μοι
1193 462 1338 503 ταύτης
1352 461 1456 515 χρεὼ
1469 459 1591 510 τιμῆς.
1610 460 1792 509 Similiter
1805 460 1893 502 scri-

632 521 689 559 bit
705 519 804 560 idem
817 529 1100 560 commentator
1116 519 1162 557 ad
1174 517 1217 556 Il.
1228 521 1256 554 K
1269 547 1280 564 ‚
1293 529 1331 555 v,
1345 530 1410 568 43,
1422 515 1518 567 Χρεὼ
1534 513 1666 560 βουλῆς
1681 514 1744 564 ἐμὲ
1757 516 1823 555 καί
1839 529 1896 556 σε.

636 596 682 605 -
698 574 761 613 An
776 586 876 613 vero
890 585 1026 613 revera
1045 572 1136 611 haec
1148 570 1296 611 locutio
1314 569 1359 609 sit
1378 568 1552 614 soloeca,
1571 580 1652 608 non
1673 569 1814 608 iudico.
1840 570 1895 611 H.

631 626 845 679 Stephanus
861 625 987 666 censet
998 624 1070 666 effe
1083 623 1336 665 accusativum
1351 636 1422 676 pro
1437 623 1590 661 dativo:
1605 622 1803 674 quidvero
1819 622 1896 664 hoc

630 694 653 720 a
663 680 892 722 soloecismo
903 678 1065 725 differat,
1074 691 1153 718 non
1162 678 1288 718 video.
1299 677 1416 716 Forte
1426 675 1610 728 quaedam
1619 675 1672 714 est
1679 674 1826 729 ellipsis,
1834 689 1898 727 cu-

633 735 696 774 ius
708 735 807 774 ratio
820 734 993 773 nondum
1007 732 1051 772 sit
1065 732 1177 785 plane
1191 730 1395 785 perspedm.
1410 729 1532 769 Paulo
1544 729 1698 768 maioris
1710 731 1900 770 momenti

634 787 688 827 est
701 819 712 836 ‚
727 788 831 841 quod
847 788 947 827 idem
960 786 1198 837 Anonymus
1213 796 1320 824 notat
1335 785 1382 823 ad
1392 782 1436 823 Il.
1449 789 1481 822 Θ
1493 813 1507 829 ,
1517 795 1554 822 v.
1568 796 1642 835 455
1657 813 1669 832 ‚
1692 779 1770 822 Ούκ
1784 782 1829 822 ἂν
1843 784 1898 833 ἐφ’

634 840 815 894 ὑμετέρων
828 843 944 895 ὀχέων
955 845 1154 894 πληγέντε
1167 837 1328 891 κεραυνῷ
1341 837 1428 887 ’Άψ
1442 837 1478 876 ἐς
1497 838 1664 886 ’ὄλυμπον
1674 835 1831 876 ἵκεο-δον·
1846 859 1892 869 -

634 896 819 935 nimirum
833 896 1027 948 πληγέντε
1039 892 1201 945 pofitum
1215 892 1289 931 effe
1301 904 1373 944 pro
1385 889 1612 944 πληγεῖσαι.
1635 890 1682 930 Et
1695 902 1796 931 certe
1807 890 1901 938 hoc,'

635 950 699 989 vel
719 950 757 988 in
778 948 878 988 duali
891 948 1108 1001 πληγεῖσα,
1162 945 1300 986 ostulat
1319 946 1413 985 haec
1433 944 1581 984 oratio:
1603 944 1777 997 loquitur
1795 946 1898 985 enim

634 1003 807 1056 Iuppiter
821 1003 867 1042 ad
882 1002 1071 1042 Iunonem
1084 1000 1125 1040 δι
1168 1000 1326 1040 alladem
1340 1029 1351 1045 ‚
1379 1010 1493 1051 atque
1508 997 1554 1037 ad
1567 1010 1632 1038 eas
1645 1002 1687 1036 τὸ
1704 1000 1899 1052 πληγέντε

635 1056 689 1095 est
699 1056 950 1096 referendum.
960 1054 1020 1094 Est
1030 1066 1170 1102 tamen,
1180 1054 1245 1093 ubi
1255 1053 1416 1093 omnino
1429 1065 1508 1092 non
1520 1051 1705 1091 audienda
1718 1051 1771 1092 est
1783 1051 1898 1093 istius·

637 1110 743 1150 modi
757 1110 997 1151 Graecorum
1011 1107 1280 1161 magistrorum
1297 1106 1412 1146 crifis.
1435 1106 1582 1145 Etenim
1597 1119 1685 1145 cum
1701 1107 1801 1158 apud
1814 1107 1899 1147 Ho-

638 1176 786 1204 merum
801 1163 842 1203 Il.
860 1170 905 1209 Δ,
924 1162 1011 1214 508,
1023 1162 1163 1215 legitur
1179 1183 1223 1192 -—
1238 1163 1303 1200 Τόν
1319 1159 1362 1200 Σὲ
1375 1157 1508 1199 σκότος
1524 1159 1606 1199 ’ἀπ’
1619 1159 1807 1211 ἐκάλυψε,
1820 1173 1903 1202 non

637 1216 691 1256 est
704 1245 715 1265 ,
737 1229 782 1257 ut
800 1216 923 1258 censet
937 1216 1174 1268 Anonymus
1188 1215 1275 1261 ille,
1291 1212 1554 1259 soloecismus;
1575 1225 1646 1252 nec
1659 1212 1804 1254 summa
1825 1213 1899 1254 fuit

637 1271 832 1317 Homero,
846 1282 889 1311 ut
897 1269 958 1309 ille
972 1270 1111 1317 innuit,
1121 1267 1314 1309 neceffitas
1325 1266 1506 1308 scribendi
1516 1266 1594 1305 sine
1608 1265 1834 1307 soloecismo
1849 1290 1905 1299 —-

638 1323 706 1363 τοῦ
721 1324 766 1364 Σὲ
781 1325 916 1364 σκότος
929 1323 1013 1363 ’όσσ’
1024 1321 1207 1373 ἐκάλυψε.
1229 1322 1291 1363 Est
1305 1321 1482 1361 nimirum
1497 1318 1761 1360 solemniffima
1774 1322 1836 1360 illa
1848 1322 1900 1361 el-

639 1377 752 1430 lipfis,
766 1391 881 1431 atque
895 1378 944 1418 ita
960 1377 1166 1417 commode
1178 1376 1435 1428 intelligenda:
1452 1377 1513 1414 τὸν
1526 1373 1570 1414 δὲ
1581 1375 1711 1414 σκότος
1725 1373 1902 1425 ἐκάλυψε
1957 1423 1961 1428 ι

640 1435 749 1470 κατὰ
762 1432 814 1471 τὼ
834 1432 943 1479 ’ὄσ-σε,
967 1433 1076 1478 hunc,
1100 1444 1262 1484 quantum
1284 1433 1333 1468 ad
1351 1430 1486 1477 oculos,
1510 1429 1658 1468 tenebrae
1672 1429 1902 1470 involverunt.

641 1485 792 1538 (Atque
805 1487 858 1525 ita
871 1484 907 1526 se
919 1484 994 1536 ipse
1006 1485 1092 1524 satis
1100 1485 1258 1524 dilucide
1270 1484 1426 1536 exponit
1438 1483 1634 1522 Homerus
1644 1513 1656 1531 ‚
1668 1493 1711 1521 ut
1722 1483 1789 1536 qui
1805 1483 1847 1523 Il.
1861 1488 1901 1532 Ε,

640 1539 691 1578 82
704 1570 715 1585 ,
739 1540 796 1592 (δι
814 1544 849 1577 Π
859 1571 869 1588 ,
890 1539 984 1593 333)
1011 1551 1164 1578 narrans
1179 1537 1414 1591 Hypsenora
1428 1536 1476 1575 ab
1488 1535 1696 1588 Eurypylo
1710 1535 1873 1576 occisum
1886 1567 1899 1582 ,

641 1592 777 1633 diserte
787 1595 837 1633 ait
856 1616 898 1623 ·-
921 1596 986 1633 τον
1003 1592 1047 1632 δὲ
1059 1593 1152 1632 κατ’
1169 1585 1436 1637 ’όσσεἼΞλλαβε
1450 1591 1641 1642 πορφύρεος
1653 1591 1818 1630 &bavaros
1834 1591 1903 1630 καὶ

640 1648 752 1697 μοῖρα
769 1645 938 1697 κραταιή.
955 1647 1065 1686 Hanc
1079 1645 1315 1699 parenthesin
1329 1644 1484 1684 inseruit
1498 1645 1647 1696 Hemst.)
1667 1643 1902 1697 Apollonius

640 1714 801 1753 quoque
814 1701 988 1740 Rhodius
1004 1712 1280 1753 nonnunquam
1296 1698 1411 1751 paulo
1431 1696 1607 1737 iniustius
1625 1697 1674 1737 ab
1689 1697 1902 1739 Scholiasta

640 1754 709 1794 suo
725 1756 948 1807 exagitatur.
974 1755 1029 1794 Ut
1041 1755 1213 1793 omittam
1224 1783 1237 1799 ,
1256 1753 1360 1806 quod
1376 1751 1639 1803 compluribus
1653 1752 1689 1790 in
1703 1751 1902 1798 locis,ubi

641 1811 758 1861 poeta
773 1809 838 1847 iste
853 1812 894 1845 το
910 1808 1091 1858 σφέτερος,
1107 1807 1242 1855 ἑνικῶς,
1267 1810 1305 1846 de
1320 1822 1401 1852 uno,
1416 1804 1585 1858 usurpat,
1600 1805 1801 1846 identidem
1821 1819 1902 1846 non

641 1862 744 1902 reete
757 1861 934 1915 scripfiffe
944 1862 991 1900 ab
999 1861 1204 1902 Scholiasta
1215 1860 1284 1900 suo
1294 1861 1464 1913 arguitur
1476 1873 1488 1907 3
1501 1872 1617 1912 quam
1630 1858 1738 1900 crisin
1749 1891 1760 1907 ‚
1774 1871 1819 1899 ut
1830 1859 1902 1899 ini-

640 1929 758 1968 quam
772 1915 1014 1969 exploserunt
1028 1916 1168 1955 dudum
1185 1915 1347 1962 eruditi,
1367 1913 1411 1953 Is.
1434 1913 1683 1954 casaubonus
1698 1914 1744 1952 ad
1757 1913 1901 1955 Athen.

641 1969 721 2015 lx,
736 1983 769 2009 c.
782 1985 821 2018 4,
844 1970 906 2010 Ez.
918 1970 1169 2021 spanhemius
1187 1970 1232 2008 ad
1247 1968 1526 2008 Callimachum
1547 1981 1583 2020 p.
1596 1980 1685 2018 457.
1704 1967 1781 2008 Ubi
1799 1969 1901 2020 apud

641 2022 749 2062 hunc
764 2023 826 2062 lib.
839 2024 876 2072 Ι,
899 2038 937 2063 ν.
951 2037 1050 2072 440,
1070 2023 1178 2063 lason
1187 2023 1380 2076 Apollinis
1391 2021 1594 2062 oraculum
1611 2021 1815 2061 comitibus
1827 2021 1901 2063 suis

643 2076 719 2117 hoc
731 2078 850 2117 modo
864 2076 1164 2131 profatur‚‘Tpu“v
1171 2077 1242 2128 μὲν
1255 2076 1303 2116 sio
1314 2077 1424 2127 μοῖρα
1437 2075 1528 2115 ῧεῶν
1542 2075 1660 2126 χρειώ
1681 2089 1723 2113 τε
1737 2073 1901 2126 περῆσοίι

641 2129 788 2170 'fii—902&
806 2130 906 2170 κῶας
922 2133 1106 2183 ἔχοντας,
1117 2154 1160 2161 —-
1179 2132 1363 2182 interpres
1375 2129 1547 2170 Graecus
1564 2129 1757 2168 continuo
1770 2129 1901 2179 infert,

641 2184 853 2237 oportuisse
864 2183 1015 2239 ἄγουσι·
1031 2184 1206 2237 (nempe,
1226 2196 1268 2224 ut
1285 2184 1360 2224 hoc
1375 2185 1500 2223 obiter
1519 2184 1639 2222 dicam
1651 2213 1662 2228 ,
1677 2182 1901 2224 Scholiastes

641 2239 705 2278 ille
720 2240 755 2278 in
770 2238 839 2279 suo
851 2239 951 2279 libro
964 2238 1110 2291 legebat
1125 2239 1312 2291 ἄγοντας,
1334 2251 1414 2277 non
1431 2237 1604 2290 ἔχοντας.
1627 2237 1672 2275 Et
1691 2232 1792 2276 forte
1805 2237 1899 2279 haec

640 2291 766 2333 sanior
779 2293 831 2332 est
846 2293 985 2333 leffio:
1006 2306 1093 2331 nam
1110 2292 1161 2332 sic
1177 2293 1276 2338 κῶας
1296 2293 1407 2344 ἄγειν
1426 2291 1575 2344 reperio
1591 2292 1754 2343 ‘quoque
1769 2291 1805 2329 in
1822 2291 1900 2332 hoc

642 2349 780 2399 poetae
794 2349 986 2399 anonymi
1001 2346 1100 2398 apud
1114 2346 1283 2399 Etymol.
1296 2346 1351 2386 M.
1366 2345 1584 2397 scriptorem
1596 2374 1606 2389 ‚
1629 2356 1729 2384 voce
1746 2344 1901 2394 Κώὸιον,

642 2400 874 2452 fragmento,
885 2402 989 2440 Κῶας
1001 2416 1108 2454 αγειν
1122 2399 1224 2451 κριοῖο
1234 2400 1449 2450 μεμαῶτας
1463 2399 1529 2452 -)
1543 2398 1780 2438 referendum
1796 2400 1899 2439 enim

642 2454 680 2493 id
694 2454 767 2494 effe
781 2456 825 2494 ad
837 2456 878 2493 τό
892 2451 985 2506 ὑμῖν.
997 2456 1068 2496 Sed
1083 2468 1180 2494 vero
1194 2453 1288 2494 ficut
1301 2454 1454 2507 ἄγουσι,
1467 2452 1546 2491 five
1558 2453 1708 2506 ἔχουσι,
1719 2464 1796 2490 non
1811 2451 1902 2492 fuis·
1956 2467 1958 2469 ’

645 2507 699 2548 set
711 2510 953 2562 culpandum,
969 2511 1018 2549 ita
1027 2521 1128 2548 nunc
1137 2521 1294 2559 quartus
1303 2507 1409 2546 casus
1423 2507 1468 2546 ab
1481 2507 1586 2546 omni
1598 2506 1697 2545 vitio
1708 2519 1824 2557 purus
1835 2505 1902 2547 est.

643 2563 987 2619 Quemadmodum
1003 2563 1102 2604 enim
1117 2563 1228 2604 etiam
1242 2562 1375 2603 Latine
1391 2560 1524 2602 dicitur
1537 2561 1619 2601 mihi
1634 2559 1741 2614 otiofi>
1751 2560 1813 2613 ff
1831 2575 1901 2602 non
