2015 3490
263 266 365 313 IN
432 254 1144 314 PISCATOREM.
1241 283 1339 333 479

59 355 101 397 81
112 355 264 397 Aristid.
281 356 420 410 Quare
435 357 476 396 &
492 357 556 396 hic
571 368 633 410 ap.
647 355 817 396 nostrum
833 371 923 409 orpon
962 356 1055 409 ορίαν
1068 355 1269 409 legendum
1283 370 1341 396 ar-

59 411 198 457 bitror,
216 421 259 450 ut
279 410 338 450 sit:
357 411 407 450 Tu
418 412 513 465 prior
534 410 659 462 causae
679 411 852 449 diflionem
865 371 1020 463 ficss'pe,
1043 410 1066 448 i.
1087 422 1120 449 e.
1141 425 1228 462 age,·
1249 411 1339 463 quia

57 463 226 519 praestas
237 465 405 518 reliquis.
421 464 483 504 Cf
496 464 723 505 Schol.1icet
737 464 895 516 vulgata
911 464 1007 502 stare
1021 462 1145 516 possit.
1162 464 1311 504 Rmz.

116 518 308 571 Peg-140·
328 519 352 558 l.
373 533 409 558 2.
426 517 667 571 Γοργιανᾙη
683 530 732 557 eo
746 518 948 570 praecipue
969 518 1147 569 dialogo,
1162 519 1229 572 qui
1247 521 1338 557 Gor-

61 571 139 624 gias
163 571 390 618 inscribitur,
405 586 442 624 p.
468 572 555 610 281.
570 572 703 610 Solum
718 571 1020 631 Agrigentinum
1041 569 1194 623 paffim,
1208 571 1341 610 Prodi-

63 638 156 665 cum
176 637 255 664 non
272 626 370 665 adeo
391 625 541 665 videtur
557 624 740 665 insectari.
757 625 969 678 Hippiam
962 637 1000 663 in
1014 623 1171 677 dialogis
1185 626 1340 666 duobus

19 734 22 739 .
61 678 496 770 p-95d&229.501.AN.

115 734 182 771 ead
182 733 232 771 ..l
247 748 285 782 4.
284 731 671 800 Συνεχεΐ)Συνεχη.
686 733 877 772 MAch..

118 789 191 826 ead.
206 787 227 825 l.
239 799 270 839 5.
284 786 373 826 Ὡς
360 803 415 838 ομ
385 788 515 841 μέγας
529 792 566 826 Ζ.
579 785 829 837 πτηνονάρμα
846 787 899 826 ἑλ.
904 785 921 838 )
939 785 1128 826 Lucianus
1139 784 1340 826 Platonem

62 838 286 886 subsannat,
307 841 466 904 cuiuffiin
489 841 660 880 Phaedro
673 840 792 880 verba
813 841 905 880 haec
920 839 1023 879 sunt.
1041 838 1117 889 ὅμε
1103 839 1195 879 ὲνὲὶι
1209 841 1341 893 μέγας

63 907 217 955 ηγεμων
234 894 270 933 ὲν
287 890 420 947 cupam}
434 895 522 934 Ζεὺς
540 909 676 934 πτηνον
695 891 799 946 άρμα
813 892 984 933 ἐλαύνων
1005 894 1145 933 BROD.
1160 894 1342 933 Meminit

65 947 205 987 iterum
220 955 306 988 Δικ.
318 961 351 988 c.
368 963 430 1015 33,
442 949 503 988 &‘
507 953 589 988 Ρητ.
605 949 667 987 26.
684 948 746 987 Cf.
766 947 858 987 Plat.
874 947 1029 987 Phaedr.
1046 960 1130 998 344.
1146 947 1304 987 SOLAN.

120 1002 200 1047 ibid.
215 1005 357 1042 Πτηνον
381 1018 486 1053 αρμιι
510 1001 694 1054 ἐλαύνων)
711 1002 871 1041 Homer.
884 1001 989 1040 Pind.
1003 1015 1024 1040 3
1039 1001 1185 1054 quibus
1202 1005 1342 1054 poetae

65 1067 204 1095 omnes
219 1056 358 1095 Latini:
377 1057 449 1109 leg.
467 1058 569 1096 Mar.
585 1056 632 1095 ad
653 1056 792 1096 Horat.
807 1068 891 1108 pag
909 1067 970 1108 35.
985 1055 1157 1094 BOURD.
1177 1055 1208 1094 E
1230 1054 1344 1096 sacris

65 1109 206 1149 nostris
222 1109 467 1162 magnificum
488 1110 596 1150 illum
611 1110 657 1148 de
676 1109 767 1150 Deo
790 1109 1005 1149 sermonem
1021 1108 1199 1148 haustum
1212 1122 1343 1163 ,-apo

65 1163 220 1215 logetae
237 1163 354 1203 nostri
371 1163 501 1217 paffim
519 1165 706 1212 indicant3
720 1177 760 1204 v.
777 1176 813 1216 g
828 1163 1018 1217 Athenag.
1036 1176 1119 1217 cap.
1136 1177 1201 1211 21,
1221 1178 1256 1217 p.
1275 1179 1341 1217 94.

66 1196 248 1257 Dechair.
270 1217 400 1258 GESN.

122 1271 358 1324 Pag.141.l.
377 1273 485 1333 3.Τᾰ
501 1270 626 1324 κεινὰ)
647 1272 860 1311 Communem
874 1271 1021 1312 omnium
1034 1270 1185 1323 caufizm.
1199 1271 1340 1313 BROD.

122 1327 196 1364 ead.
210 1325 236 1364 l.
251 1341 286 1374 4.
303 1327 356 1365 Ἐν
373 1325 450 1366 τοῖς·
464 1323 634 1386 λόγοις).
635 1325 792 1371 Malim,
808 1326 842 1364 in
857 1326 1072 1379 opinionibus
1090 1325 1343 1388 discrepamus,

68 1391 184 1432 quam
200 1380 399 1428 rationibus,
418 1392 462 1419 ut
478 1379 634 1432 vulgo'
626 1390 871 1432 mterpretes:
890 1393 983 1419 mox
999 1378 1217 1432 sequitur,
1204 1395 1239 1421 εν
1256 1394 1343 1420 ταις

69 1433 302 1485 προαιρέσεσι
319 1433 588 1482 ὃιαλλάττειν,
603 1434 709 1486 quod
725 1434 820 1473 idern
835 1432 899 1473 est.
916 1433 957 1473 L.
974 1433 1073 1473 BOS.

123 1490 197 1527 ead.
211 1488 234 1526 l.
249 1502 307 1527 12.
325 1484 399 1527 Oia
412 1484 529 1527 οὕτως
544 1486 726 1539 ἀπέφῃνε)
742 1487 909 1539 Corrige
922 1481 1040 1527 otim.
1052 1488 1191 1527 BROD.

126 1541 220 1594 Pag.
238 1555 323 1590 142
337 1542 359 1579 l
375 1557 408 1595 3.
424 1540 559 1594 Τοῦτο)
574 1540 774 1593 Diogenes
787 1542 934 1581 causam
950 1542 990 1581 &
1004 1540 1108 1581 suam
1121 1542 1160 1580 δε
1173 1541 1345 1594 reliquo-

69 1607 158 1635 rum
172 1595 492 1656 philosophorum
516 1606 652 1635 contra
665 1594 956 1643 Parrhefiadem
975 1594 1056 1634 ssve
1070 1595 1305 1642 Lucianum‚
1322 1610 1345 1637 3

71 1662 156 1701 quo
177 1650 302 1689 omnis
319 1645 638 1703 philosophorum
659 1649 802 1688 cohors
816 1648 1101 1689 arbitrabantur
1120 1648 1158 1689 ie
1175 1650 1345 1702 graviter

72 1701 194 1743 laesos
211 1702 305 1752 effe,
318 1704 452 1756 agendi
467 1714 593 1757 partes
611 1702 836 1756 suscipiens,
851 1703 1015 1751 dixerat,
1029 1701 1090 1750 se
1106 1716 1343 1756 quamquam

73 1756 318 1810 Philofhpbia‚
334 1758 447 1797 huius
459 1756 593 1797 causae
610 1757 769 1805 arbitra,
784 1756 1000 1797 flecteretur
1014 1757 1193 1797 oratione
1208 1758 1345 1798 adver·

72 1810 183 1860 sarii,
198 1824 278 1851 non
294 1810 610 1857 commiffurum,
628 1822 671 1850 ut
688 1809 753 1850 sua
777 1810 943 1851 accusari
958 1824 980 1850 a
1001 1824 1200 1864 quoquam
1223 1811 1344 1864 posset

73 1864 463 1918 opera&industria·‚
480 1866 573 1918 quin
587 1878 724 1904 omnes
737 1864 1019 1905 seintensurum
1035 1878 1200 1914 nervos,
1217 1865 1345 1905 osten-

73 1917 308 1972 surumque,
324 1918 360 1958 se
373 1932 453 1959 non
468 1918 605 1959 frustra
626 1919 765 1959 baculo
786 1930 974 1959 armatum
988 1917 1073 1958 effe.
1092 1918 1154 1958 Ad
1167 1919 1242 1959 hoc
1260 1921 1348 1960 ulti-

75 1985 182 2012 mum
196 1972 398 2035 respondet
412 1973 658 2038 Philosophia,
669 1972 783 2012 Τουτο
792 1972 860 2024 μὲν
870 1971 1079 2023 μηέαμῶς,
1095 1974 1200 2011 ἀλλὰ
1214 1973 1267 2022 τῷ
1282 1975 1344 2013 λό-

74 2039 141 2080 γῳ
161 2026 325 2077 μᾶλλον.
345 2029 496 2079 ἄριστον
513 2029 607 2091 γᾶς
629 2042 721 2078 nors?
743 2026 796 2076 τῷ
818 2026 929 2078 ξύλῳ
946 2027 1211 2067 Vehementer
1231 2026 1346 2089 suspi—

75 2093 160 2129 cor,
173 2081 373 2134 legendum
387 2080 461 2120 effe
473 2081 610 2130 τούτῳ,
624 2093 703 2121 non
716 2080 841 2120 τοῦτο·
854 2082 990 2134 utique
1009 2082 1043 2119 id
1062 2081 1181 2133 exigit
1200 2083 1347 2122 oratio-

75 2134 134 2174 nis
147 2135 263 2175 huius
276 2146 403 2176 tenor.
417 2136 495 2187 Neq
474 2150 646 2189 quaquam
665 2151 741 2174 vero
758 2136 830 2183 illo,
848 2134 1015 2187 (baculo
1037 2134 1175 2174 scilicet
1198 2148 1267 2174 eos
1287 2136 1347 2176 su·

76 2190 206 2242 peres)
216 2190 282 2241 sed
289 2190 415 2228 ratione
423 2190 554 2241 potius.
565 2190 608 2228 Id
620 2191 706 2229 enim
724 2190 819 2242 longe
831 2191 992 2243 praestat,
1008 2204 1110 2242 quam
1124 2189 1245 2228 baculo
1262 2203 1344 2230 rem

102 2255 221 2283 erere.
241 2243 346 2284 IENs.

75 2254 101 2296 g
132 2300 205 2336 ead.
217 2298 241 2336 l.
258 2312 290 2348 5.
300 2297 534 2351 Ἐκκέχυτοιι
549 2299 594 2337 τὶ
608 2294 686 2337 &sm
679 2296 724 2350 φ)
742 2297 828 2337 Hac
841 2297 886 2336 de
899 2309 940 2336 re
954 2294 1111 2349 copiose
1131 2294 1268 2336 Galen.
1284 2297 1348 2338 In-

77 2360 173 2403 terp.
188 2351 437 2403 Aristophan.
450 2350 595 2404 paflim.
609 2351 763 2405 Apulei.
779 2351 865 2390 Sen.
884 2351 1083 2390 innumeri.
1100 2350 1347 2404 Dispensator

78 2403 304 2458 clepsydrae
318 2404 477 2472 ἐφύὲως,
484 2405 656 2445 Polluxl.
670 2405 706 2445 8.
720 2405 768 2444 ab
782 2405 857 2444 hoc
867 2404 1119 2457 dispensatore
1130 2407 1350 2457 proverbia

78 2457 163 2498 liter
176 2459 344 2498 di&um'
330 2472 378 2510 εφ
384 2455 507 2510 ’ὕὸως
521 2459 682 2510 λαχεῖν
699 2472 775 2512 qua
787 2459 832 2497 de
844 2472 885 2498 re
898 2458 1007 2510 Hesy
1010 2458 1068 2498 ch.
1082 2458 1255 2499 BOURD.
1267 2460 1347 2513 Ἐγ-
1399 2460 1404 2468 ’

77 2513 275 2562 κέχυται)
289 2513 348 2553 Sic
360 2513 507 2565 optime
519 2513 556 2552 in
570 2513 640 2553 suo
650 2514 784 2553 codice
794 2473 1007 2552 Vorstiusy
988 2513 1226 2552 emendarat:
1242 2514 1348 2566 quod

75 2567 180 2610 enim
200 2579 337 2608 omnes
351 2567 432 2608 edd.
456 2566 626 2608 infidet
611 2581 689 2608 εκκ.
705 2566 812 2610 nihili
838 2565 993 2620 prorsus
1015 2566 1090 2615 est;
1113 2580 1348 2621 quamquam
