2015 3490
300 240 1174 289 INPISCATOREM.
1273 262 1368 310 459

106 328 301 370 tinendum
317 329 445 379 credo,
460 342 529 369 nec
543 329 581 368 in
593 327 715 369 ἀλκῆς
729 329 969 378 mutandum,
984 343 1062 370 non
1076 342 1169 377 tam,
1183 332 1274 384 qnia
1288 347 1369 373 me-

110 384 267 422 moriter
287 383 336 422 ab
358 384 502 423 Nostro
517 383 676 423 citatum
697 383 771 430 est,
793 382 853 422 sed
873 384 964 436 quia
979 385 1101 423 dedita
1117 398 1235 437 opera
1254 388 1316 439 bpy
1325 387 1368 427 ἧς

110 450 183 489 pro
195 435 309 477 ἀλκῆς
321 437 429 482 dixit,
443 448 485 476 ut
500 437 610 490 supra
623 433 714 488 πήρη
732 449 802 488 pro
818 433 962 488 φρήτρη·
979 451 1059 490 quo
1071 440 1280 478 iracundiam
1293 442 1371 493 phi-

110 490 277 542 losophis
297 491 568 541 exprobraret,
581 503 661 530 non
677 492 786 529 robur.
806 491 931 530 Immo
946 490 1050 544 quasi
1064 504 1204 531 vanam
1219 492 1297 533 fine
1311 495 1371 535 vi·

110 544 217 584 ribus
230 545 334 583 iram.
348 544 492 583 Rmz.
1208 566 1209 569 =

164 599 253 647 Pag.
274 598 357 636 118.
372 598 395 637 l.
411 600 445 637 6.
459 596 798 650 ‘E·7r⁷a'cn15)Atqui
820 596 881 636 sex
896 606 1046 636 tantum
1061 612 1153 637 mox
1167 612 1372 641 numeran-

109 660 192 690 tur:
207 651 462 703 Chrysippus,
479 651 814 704 Epicurusffllam,
832 652 1068 699 Aristoteles,
1080 653 1370 706 Pythagoras&

109 704 319 757 Diogenes.
338 705 442 757 Quis
460 718 554 758 ergo
575 704 758 757 septimus
773 703 861 743 ille?
877 704 1098 744 Socratesne
1111 737 1121 753 ,
1137 707 1203 758 qui
1225 708 1285 746 hic
1312 708 1371 747 lo-

109 771 233 811 quens
253 759 458 805 inducitur,
475 756 890 811 quemque-interfuisse
908 759 1056 797 constat
1069 789 1080 804 ,
1094 760 1195 812 (vid.
1211 761 1264 799 tit.
1280 761 1319 800 &
1334 775 1369 802 c.

112 825 160 850 10
176 811 267 864 )an‚
283 826 398 866 quem
409 813 481 852 iam
495 812 719 857 nominavit,
735 811 974 864 Aristippus?
990 813 1063 851 Pro
1077 813 1164 860 VH,
1180 814 1251 852 iam
1275 816 1369 855 vm

14 872 15 880 ¹
46 871 51 875 ⁴
107 865 300 905 habemus.
315 867 481 913 Haereo,
496 879 539 905 ut
553 878 596 906 ut
609 866 669 904 fit:
684 865 782 904 male
800 866 892 906 haec
908 867 1009 919 prius
1023 867 1062 905 ὃ(
1077 866 1314 919 legebantur,
1328 870 1370 910 δε

103 920 364 960 vertebantur.
380 921 536 960 SOLAN.

159 976 232 1013 ead.
248 975 269 1012 l.
286 988 322 1023 7.
338 978 474 1014 ΠΛΑΤ.
490 975 506 1027 )
523 973 675 1019 Verba,
690 985 791 1025 quae
806 973 865 1012 hic
885 973 949 1011 uni
964 973 1185 1012 tribuuntur
1200 973 1370 1024 Platoni,

107 1038 129 1066 a
145 1026 270 1066 multis
285 1027 603 1067 tumultuantibus
622 1027 769 1080 prolata
786 1038 905 1080 puto:
925 1026 1139 1077 praesertim
1159 1040 1246 1067 cum
1268 1029 1369 1068 idem

107 1079 216 1119 Plato
232 1082 348 1133 paulo
369 1081 452 1134 post
472 1082 583 1121 aliam
605 1080 824 1120 sententiam
851 1079 1016 1131 proferat
1043 1080 1090 1119 ab
1112 1080 1169 1119 his
1190 1083 1371 1122 omnibus

108 1133 316 1181 diversam,
337 1136 378 1176 δι
398 1134 484 1174 sane
505 1135 650 1175 nullum
672 1147 815 1174 nomen
834 1134 896 1174 hic
916 1135 1069 1187 reperiri
1089 1135 1125 1173 in
1142 1136 1267 1174 multis
1284 1138 1371 1176 cod.

107 1187 193 1227 ΜΠ.
212 1187 433 1228 observavit
445 1189 606 1241 Longol.
625 1187 894 1239 Empedoclem
911 1198 1038 1227 autem
1052 1188 1295 1228 consulentes
1311 1191 1372 1229 in·

107 1240 316 1289 ducuntur,
334 1254 375 1282 ut
391 1243 436 1282 de
450 1243 658 1283 crateribus
670 1241 742 1281 suis
755 1241 916 1294 loquens
929 1241 1045 1280 risum
1059 1243 1209 1281 excitet.
1227 1243 1370 1295 Legen-

106 1295 195 1334 dum
211 1296 340 1348 itaque
354 1296 487 1336 censeo
501 1306 566 1336 aut
580 1301 667 1334 ΦΙΛ.
678 1307 745 1335 aut
757 1295 923 1335 distinete
934 1326 943 1343 ‚
953 1295 1168 1334 ἈᾸΛ.’ΛᾸᾸ.
1182 1296 1340 1336 SOLAN.

159 1352 229 1388 ead.
243 1350 266 1387 l.
282 1349 317 1389 8.
336 1350 633 1402 Μαστιγωθέντα
644 1349 827 1402 πρίν-ερον)
841 1348 983 1388 Omnia
1000 1350 1092 1389 haec
1110 1350 1145 1388 in
1161 1351 1368 1403 interprete

105 1402 277 1442 turbata:
290 1406 536 1457 μαστίγωσις
550 1414 637 1443 ante
650 1416 805 1443 crucem
821 1414 926 1441 nota.
945 1403 1007 1442 Sic
1024 1403 1124 1455 apud
1138 1403 1259 1443 Dion.
1278 1405 1367 1446 Hal.

110 1469 145 1508 ς,
159 1456 196 1495 &
217 1467 381 1509 tangunt
403 1459 550 1497 Literae
574 1457 710 1497 sacrae.
728 1458 900 1497 Romu).
923 1456 1237 1508 Flagellationem
1259 1472 1370 1510 prae-

105 1510 204 1549 mitti
223 1510 370 1550 solitam
387 1511 652 1558 crucifixioni,
677 1510 931 1557 notiffimuxm
955 1511 1028 1549 vid.
1052 1522 1179 1550 tamen
1204 1511 1230 1550 s.
1249 1526 1289 1550 v.
1309 1513 1370 1551 Li-

104 1563 225 1616 pfium
239 1565 284 1604 de
299 1565 450 1606 crucel.
464 1579 485 1604 2
497 1596 510 1612 ,
523 1579 604 1619 cap.
621 1579 664 1614 2,
680 1565 721 1604 &
735 1564 885 1618 Ioseph.
904 1565 949 1604 de
968 1564 1052 1604 bell.
1074 1565 1155 1604 Iud.
1178 1564 1202 1605 1.
1226 1579 1268 1611 2,
1283 1579 1368 1620 cap.

109 1630 155 1666 14
179 1618 202 1656 f.
222 1618 367 1658 RmTz.
543 1629 556 1634 “

159 1672 236 1711 ibid.
249 1672 335 1712 Τοὺς
346 1671 555 1724 ὀφθαλμοὺς
570 1671 794 1724 ἐκκεκόφθω)
812 1673 897 1711 Hos
913 1670 1083 1711 solebant
1095 1672 1270 1712 candenti
1290 1673 1366 1713 fer-

105 1737 150 1764 ro
163 1725 376 1777 perforare,
397 1739 438 1766 ut
450 1727 509 1765 alii
522 1726 734 1765 docuerunt
748 1739 796 1765 ex
810 1725 997 1765 Parthenii
1011 1738 1094 1777 cap.
1113 1740 1172 1764 20.
1190 1727 1365 1768 Eoum).

158 1782 229 1818 ead.
248 1781 271 1818 l.
293 1795 328 1834 9.
342 1781 412 1820 Τὴν
434 1780 616 1832 ’γλῶτταν
634 1775 749 1819 αὐτὴν
769 1779 936 1819 ἐπιπολὺ
958 1777 1124 1831 πρέ-[ερον
1144 1779 1367 1829 ἀποτετμή-

105 1832 203 1886 cim)
217 1833 320 1873 Cum
332 1834 632 1874 Pirckhaimerus
644 1833 853 1873 mediarum
866 1847 1010 1874 vocum
1024 1834 1209 1872 rationem
1223 1835 1366 1874 nullam

105 1885 293 1926 habuisset
304 1918 317 1934 ,
339 1887 568 1928 Benedictus
578 1889 719 1933 vertit,
734 1889 767 1925 ὃ)
780 1887 815 1925 in
837 1889 962 1929 multas
970 1899 1084 1940 partes
1102 1887 1266 1940 abscs'ſjIz,
1283 1888 1367 1927 sub-

105 1939 298 1981 int-elltho
312 1942 366 1991 τῷ
378 1943 474 1993 prius
488 1954 536 1981 ex
550 1941 874 1993 praecedentibus.
890 1941 1014 1993 Quod
1027 1940 1179 1993 prorsus
1191 1954 1272 1980 non
1287 1942 1363 1994 pla-

104 2004 186 2040 cet,
204 2008 290 2034 cum
304 1997 341 2034 in
355 1996 516 2036 Graecis
537 1995 626 2034 nihil
647 1996 792 2035 dicatur
810 1995 855 2034 de
875 1995 1002 2034 multis
1015 1995 1195 2048 partibus.
1214 1995 1285 2034 Sed
1301 1996 1364 2035 vel

103 2048 258 2101 intelligi
274 2049 383 2089 debet
395 2065 516 2103 magna
534 2052 608 2087 eius
620 2061 716 2102 parte
733 2049 795 2089 vel
809 2050 846 2087 in
864 2049 1005 2088 multum
1015 2051 1112 2100 prius
1127 2049 1216 2100 abfiz'
1235 2066 1257 2087 ,ι
1270 2079 1279 2095 ,
1294 2062 1362 2089 aut

104 2103 203 2155 longo
217 2115 356 2156 tempore
365 2106 464 2156 prius
478 2103 609 2154 al›sc.{ſs1
620 2132 629 2150 ,
646 2105 685 2142 in
706 2115 915 2155 utrumque
933 2103 1036 2142 enim
1055 2101 1266 2155 respechim
1280 2116 1362 2142 vo-

105 2157 244 2196 cabulo
261 2157 329 2196 isto
346 2158 507 2196 ἐπιπολὺ
525 2158 647 2196 utitur
664 2157 865 2197 Lucianus.
882 2157 981 2196 Mox
1000 2157 1157 2202 mirum,
1176 2156 1276 2196 unde
1289 2157 1360 2196 Be«

105 2210 274 2250 nediuus
302 2213 392 2263 πρὸς
415 2211 559 2250 Ἱκεσίου
583 2222 734 2251 vertere
754 2211 922 2263 potuerit
939 2225 1000 2263 per
1015 2211 1202 2263 supplicem
1224 2211 1335 2250 Iovem
1349 2240 1360 2259 ,

106 2278 195 2305 cum
210 2265 383 2304 debuerit
391 2265 783 2317 supplicumpraefidem.
794 2265 939 2305 GnoN.

159 2321 231 2356 ead.
245 2319 270 2357 l.
286 2332 299 2356 1
312 2333 325 2357 1
334 2348 343 2358 .
357 2318 545 2370 Κρατῆριις
557 2318 574 2369 )
587 2319 736 2358 Aetnae
748 2331 910 2358 crateres
920 2348 931 2363 ‚
946 2318 984 2356 in
1003 2330 1102 2371 quos
1114 2317 1358 2371 praecipitem

102 2370 140 2411 se
153 2371 288 2411 dediffe
302 2385 536 2412 memoratur
551 2373 808 2424 Empedocles.
824 2373 963 2411 BROD.

157 2429 229 2465 ead.
242 2428 265 2464 l.
284 2441 342 2479 13.
353 2427 514 2479 Πενθέα)
525 2426 588 2465 De
602 2427 717 2465 huius
729 2428 834 2465 exitu
850 2425 1064 2478 Euripidem
1076 2424 1161 2464 vide
1171 2424 1207 2462 in
1218 2424 1358 2464 Bacchi

110 2493 211 2532 1029
223 2479 261 2518 &
273 2479 375 2533 seqq.
385 2480 644 2532 Orpheimors
655 2491 755 2519 notu.
767 2480 837 2519 Sed
850 2479 1017 2526 versum,
1028 2492 1141 2530 quem
1154 2477 1279 2523 affert,
1288 2491 1357 2517 unu

101 2533 149 2576 de
158 2533 295 2575 habeat
305 2563 316 2584 ‚
330 2547 409 2575 non
420 2534 562 2588 liquet,
576 2533 645 2574 nist
660 2548 684 2587 q
690 2534 769 2575 uoti
780 2534 1026 2588 Euripideum
1038 2533 1164 2574 credo.
1175 2531 1332 2573 Somni
