2015 3490
661 237 759 280 4m
870 218 1740 270 ANNoTATIONEs

656 308 865 347 Marcellini.
878 308 949 347 Sed
960 307 1193 362 superfluum
1205 308 1319 357 foret,
1334 322 1422 350 cum
1439 309 1475 348 id
1486 322 1750 362 argumentum
1765 310 1921 354 abunde

655 360 768 401 fimul
780 361 820 400 &
831 361 1039 402 doetiffime
1051 363 1270 403 tractaverit
1283 365 1343 403 vir
1358 364 1668 415 incomparabilis
1679 364 1833 404 Samuel
1848 366 1925 406 Bm

655 415 811 454 chartus
824 416 860 454 in
875 415 945 455 suo
958 415 1109 469 Phaleg.
1124 417 1184 456 lib.
1202 432 1249 465 4,
1263 430 1295 457 c.
1312 430 1373 456 20.
1388 417 1434 455 ad
1448 430 1536 456 eum
1551 428 1588 456 te
1599 418 1771 465 remitto,
1787 417 1906 459 lector

657 469 699 507 &
714 468 817 508 fileo.
835 469 966 509 ΡΑιΜ.
983 470 1075 510 Non
1086 471 1273 523 cogitavit
1285 471 1490 518 Lucianus‚
1502 469 1539 509 se
1549 482 1658 509 antea
1671 469 1831 518 finxisse,
1844 472 1925 512 coI-

656 523 831 575 loquium
842 523 919 563 hoc
933 523 1100 564 habitum
1113 523 1221 564 fuiffe
1233 535 1406 576 tempore
1417 523 1518 574 Cyri
1530 525 1700 570 maioris,
1710 525 1820 564 cuius
1833 538 1921 578 pro-

655 589 754 615 avus
768 576 969 627 Cyaxares
984 577 1131 617 Ninum
1145 590 1296 630 ceperat
1306 577 1374 617 sub
1388 576 1503 616 finem
1516 578 1621 629 regni
1631 607 1645 623 ‚
1658 589 1700 618 ut
1712 578 1824 618 docet
1840 580 1921 618 He·

653 630 781 669 rodot.
799 629 837 675 Ι,
856 631 944 670 106.
957 631 995 669 A
1010 644 1092 683 quo
1105 631 1132 671 sl
1145 632 1265 672 deleta
1275 630 1414 676 fuiffet,
1427 631 1532 685 quod
1548 630 1732 694 nusquam
1747 631 1922 684 legimus,

654 696 772 722 nemo
794 694 921 739 tamen
943 684 1124 735 potuisset
1143 697 1318 738 tempore
1331 684 1431 736 Cyri
1443 685 1593 730 dicere,
1606 684 1684 723 ουδ’
1697 684 1742 724 av
1756 686 1872 734 εἴπῃς,
1887 685 1921 724 ‘o'-

654 751 729 776 που
744 737 834 776 ποτ’
854 739 905 785 ἣν,
926 739 1029 777 dicere
1047 755 1214 791 nequeas,
1227 741 1286 778 ubi
1298 738 1429 790 suerit3
1447 737 1509 777 sed
1525 738 1722 777 dumtaxat
1743 749 1918 792 tempore

652 790 821 831 Luciani.
835 790 960 831 CLER.
972 793 1024 831 V.
1038 793 1217 832 Bochart.
1235 792 1384 844 Phaleg.
1399 791 1472 839 IV,
1496 804 1557 830 20.
1576 792 1721 831 Ninum
1738 791 1837 831 illam
1853 805 1921 832 ve·

653 855 774 883 terem
787 873 800 890 ,
821 845 911 884 Nini
935 857 1054 897 opus,
1082 845 1166 899 post
1187 847 1387 898 Syriacam
1411 844 1672 885 monarchiam
1694 844 1918 886 destruflam

651 897 914 945 ἀφανισθῆναι,
929 898 964 937 id
976 898 1029 938 est
1039 930 1049 944 ‚
1067 901 1216 953 penitus
1230 900 1404 943 deletam,
1418 899 1471 938 ait
1484 900 1600 937 etiam
1613 899 1754 938 Strabo
1767 898 1791 938 1.
1808 898 1921 948 XVI,

651 965 690 1004 p.
701 965 792 1001 737.
804 951 874 991 Sed
890 963 1016 991 tamen
1031 954 1072 994 &
1084 954 1246 994 Tacitus
1256 953 1324 993 sub
1336 953 1484 993 Claudii
1498 965 1618 1004 regno
1636 953 1731 991 Nini
1750 953 1920 994 meminit

651 1005 703 1045 Α.
716 1005 810 1052 XII,
827 1019 867 1059 13
884 1021 892 1044 :
911 1008 1020 1060 Capta
1033 1008 1069 1045 in
1085 1009 1225 1059 transitu
1238 1009 1316 1047 urbs
1326 1008 1441 1046 Ninos
1456 1005 1664 1058 vetustffma
1675 1005 1788 1057 ‚sedes
1799 1007 1840 1043 A
1831 1006 1915 1059 ,ὥκ-

650 1059 741 1097 riae:
756 1059 795 1097 &
807 1058 1001 1099 Ammian.
1015 1061 1169 1107 XXIII,
1188 1061 1231 1101 6:
1247 1062 1291 1100 In
1304 1062 1484 1099 Adiabena
1499 1061 1616 1099 Ninus
1627 1063 1668 1112 est
1680 1060 1815 1106 civitas,
1830 1075 1916 1113 quae

650 1113 730 1152 olim
738 1113 885 1163 Perfidis
897 1115 1191 1167 regmzpoffifderat
1201 1115 1275 1154 διε.
1288 1116 1329 1155 &
1340 1114 1549 1154 Philostrat.
1568 1127 1605 1166 p.
1618 1128 1677 1165 23.
1690 1112 1916 1153 Restaurata

648 1167 765 1218 igitur
782 1167 906 1207 Ninus
920 1167 986 1214 est,
1003 1168 1249 1222 exstabatque
1262 1169 1388 1221 aliqua
1402 1168 1561 1208 Luciani
1574 1179 1757 1219 tempore.
1769 1167 1840 1206 Sed
1856 1167 1918 1208 hic

648 1220 696 1259 de
706 1218 840 1259 Croefi
851 1232 973 1261 aetate
983 1220 1109 1261 sermo
1123 1222 1189 1271 est,
1201 1236 1283 1276 quo
1295 1221 1516 1261 exstinetam
1534 1219 1640 1260 fuisse
1653 1220 1764 1259 etiam
1779 1219 1917 1261 Strabo

648 1272 750 1313 testis
761 1273 814 1312 est
827 1274 1055 1316 luculentus.
1069 1278 1176 1316 Haec
1190 1275 1269 1316 fere
1284 1275 1464 1316 Olearius
1476 1276 1523 1314 ad
1541 1273 1714 1314 Philostr.
1729 1273 1887 1314 SOLAN.

703 1330 776 1366 ead.
787 1328 810 1365 l.
825 1327 861 1367 8.
878 1327 994 1368 Οὐδὲν
1007 1330 1120 1380 ἴχνος
1135 1330 1237 1383 &c.)
1258 1331 1405 1369 Ninum
1425 1330 1466 1368 &
1488 1329 1679 1379 Mycenas
1699 1326 1918 1378 ἠρημῶσθαι.

647 1380 896 1433 πανωλέθρους
910 1382 1067 1422 testatur
1080 1383 1236 1423 Pausan.
1248 1383 1366 1432 VIII,
1382 1396 1466 1436 pag.
1484 1382 1580 1429 6683
1599 1381 1705 1434 quod
1724 1381 1914 1433 integrum

647 1446 766 1487 caput
779 1436 935 1475 tertium
950 1437 990 1476 &
1011 1437 1244 1490 trigefimum
1265 1451 1352 1477 cum
1368 1438 1539 1476 Luci-„mo
1554 1434 1827 1475 conferendum
1846 1434 1912 1476 est.

646 1488 855 1540 Mycenae,
870 1490 991 1551 {nquit
1003 1491 1140 1531 Strabo
1150 1492 1310 1550 VIILp.
1328 1504 1393 1542 571
1412 1489 1463 1551 Dq.
1475 1491 1623 1551 χρόνοιξ
1634 1486 1781 1540 ὕστερον
1795 1502 1908 1528 και-τε-
1955 1514 1961 1523 1

646 1543 847 1590 σκάφησαν
865 1545 931 1582 υπ’
948 1545 1129 1598 Ἀργείων,
1151 1541 1249 1585 ὅστε
1264 1560 1322 1585 νυν
1343 1543 1437 1594 μηδ’
1454 1546 1564 1595 ι’χνος
1589 1543 1826 1594 ευρίσκεσὲειι
1845 1541 1913 1583 τῆς

647 1597 860 1636 Μυκηναίων
874 1596 1030 1638 πόλεως.
1051 1599 1121 1639 Sed
1141 1600 1286 1648 Ninus,
1310 1600 1418 1638 cuius
1429 1596 1580 1637 eversio
1594 1596 1763 1636 Nahumi
1787 1595 1911 1635 sacra-

646 1662 816 1703 rumque
829 1651 1052 1703 paginarum
1068 1653 1258 1692 vaticiniis
1272 1652 1492 1696 debebatur,
1506 1650 1635 1703 postea
1646 1649 1674 1689 fi
1684 1662 1765 1689 non
1777 1650 1813 1687 in
1826 1648 1911 1702 ipsis

644 1703 791 1755 priscae
803 1705 909 1744 urbis
925 1707 1127 1756 parietinis,
1143 1707 1183 1745 in
1197 1707 1335 1747 vicinia
1349 1705 1476 1745 saltem
1491 1704 1695 1743 instaurata
1707 1716 1911 1756 parumper

645 1756 842 1797 refforuit:
861 1759 947 1798 vide
965 1760 1040 1799 Th.
1055 1760 1256 1811 Ryckium
1271 1760 1318 1799 ad
1331 1759 1456 1799 Tacit.
1476 1758 1579 1797 Ann.
1603 1757 1700 1806 XII,
1717 1771 1777 1809 13,
1797 1771 1827 1809 3.
1846 1756 1912 1797 De

645 1810 851 1862 Babylone
865 1812 911 1851 ad
926 1813 1215 1866 Philopatridem
1234 1813 1379 1854 dicendi
1390 1813 1498 1853 Iocus
1515 1813 1597 1851 erit.
1616 1812 1708 1851 Non
1726 1809 1912 1850 fastidien-

647 1864 737 1903 dum
758 1866 1001 1919 Epigramma
1024 1868 1061 1906 in
1081 1867 1305 1909 Cataleffis:
1329 1867 1494 1920 Quisquis
1515 1866 1692 1918 Cecropias
1713 1863 1832 1918 hospes
1852 1879 1909 1904 co·

644 1919 780 1970 gnoscis
794 1922 952 1959 Athenas
961 1950 971 1968 ,
987 1923 1086 1972 Quae
1097 1923 1213 1961 veteris
1220 1921 1339 1974 famae
1350 1922 1412 1960 vix
1431 1921 1492 1959 tibi
1503 1922 1606 1972 signa
1620 1921 1749 1958 dabunt
1756 1933 1773 1965 ,·
1788 1917 1908 1969 Hasne

646 1974 721 2010 Dei
730 2003 744 2019 ‚
761 1974 873 2020 dices,
887 1976 975 2014 coelo
991 1976 1109 2028 petiere
1135 1977 1272 2016 relie‘lo?
1297 1978 1478 2027 Regnaque
1496 1975 1635 2027 partitis
1649 1974 1729 2011 llaec
1743 1970 1818 2020 fixit
1836 1987 1907 2012 una

645 2028 769 2066 Deis?
783 2028 874 2067 Idem
883 2059 896 2075 ‚
909 2030 1212 2082 Agamemnonias,
1226 2030 1326 2076 dices,
1343 2045 1418 2068 cum
1430 2029 1553 2066 videris
1567 2043 1675 2072 arces,
1691 2027 1773 2064 Heu
1787 2027 1906 2065 viarix

646 2081 732 2119 νὶέῖα
745 2082 868 2134 vastior
881 2084 957 2121 urbe
967 2084 1082 2122 iaces!
1100 2085 1181 2122 Hae
1189 2083 1276 2135 fient
1287 2114 1298 2132 ,
1317 2099 1402 2136 quas
1416 2082 1529 2122 merito
1546 2083 1712 2134 quondam
1723 2082 1766 2130 eft
1783 2080 1906 2119 miram

644 2137 804 2188 vetustas.
830 2138 1042 2189 Magnarum
1062 2152 1169 2176 rerum
1193 2139 1317 2189 magna¹
1332 2137 1490 2191 sepulcra
1508 2136 1613 2174 vides.
1629 2134 1704 2174 Pro
1725 2136 1909 2186 Regnaque

642 2186 794 2228 summo
813 2189 1008 2242 Scaligero
1031 2192 1172 2242 placuit
1197 2193 1320 2243 Regia:
1339 2190 1429 2230 mini
1445 2190 1576 2243 potius
1592 2188 1754 2234 videtur,
1770 2188 1907 2226 Rixane

643 2242 708 2280 vel
732 2243 911 2295 Rixaque:
928 2245 972 2283 de
999 2245 1161 2284 Athenis
1185 2245 1391 2296 Neptunus
1414 2245 1452 2284 &
1482 2243 1662 2282 Minerva
1685 2252 1816 2280 mutua
1842 2240 1908 2280 lite

646 2297 928 2336 contenderunt
938 2330 948 2343 ,
961 2299 1082 2338 utrius
1093 2300 1129 2337 in
1143 2299 1284 2338 ditione
1299 2300 1389 2338 urbs
1404 2299 1534 2337 futura
1547 2296 1636 2335 effet
1649 2311 1657 2334 :
1672 2295 1750 2342 vix,
1764 2295 1907 2346 inquit,

644 2349 820 2389 credibile
837 2352 1025 2390 videbitur
1037 2353 1128 2391 illud
1141 2352 1316 2392 Deorum
1333 2364 1527 2392 certamen
1538 2381 1549 2397 ,
1564 2349 1591 2388 s1
1607 2349 1752 2402 gloriae
1767 2348 1906 2407 veteris

645 2403 771 2442 ruinas
783 2403 979 2455 adspicias:
998 2406 1191 2456 Mycenae
1203 2419 1362 2458 quoque
1370 2405 1544 2444 viarices
1556 2406 1663 2456 peius
1676 2415 1791 2454 quam
1805 2401 1906 2441 Ilion

645 2455 820 2496 desertae.
844 2460 1005 2510 sepulcra
1027 2461 1231 2500 commode
1249 2459 1334 2499 sunt
1346 2459 1549 2512 usurpata:
1566 2470 1677 2503 nam,
1697 2470 1738 2495 ut
1754 2455 1908 2494 Mercu-

644 2522 725 2550 nus
735 2512 802 2558 ait,
816 2511 1108 2555 ἀποθνήσκουσιν
1120 2513 1161 2554 oei
1175 2513 1318 2555 πόλεις·
1331 2515 1375 2554 de
1387 2526 1464 2567 qua
1473 2524 1640 2553 totarum
1649 2510 1801 2551 urbium
1812 2519 1909 2556 mon
