2015 3490
662 266 754 315 352
861 239 1732 296 ANNO‘TATIO‘NES

658 340 728 391 qui
741 351 842 392 pone
857 337 992 377 collari
1005 336 1131 377 ferreo
1145 337 1275 383 infixi,
1289 338 1330 378 &
1349 338 1462 393 super
1479 350 1596 392 caput
1617 340 1662 380 ad
1683 339 1797 402 ipsam
1821 336 1928 383 fron-

657 403 736 432 tem
752 392 884 431 reflexi
902 391 1032 431 velum
1053 394 1254 432 attractum
1271 392 1509 432 sustinebant.
1527 394 1724 434 Marculus
1738 395 1851 434 etiam
1871 397 1928 436 ia·
1978 401 1982 404 '

658 458 784 494 nuae,
803 447 871 498 qui
894 447 1072 484 Homero
1099 446 1732 499 nopcovn,p0sterior·1buspamma,
1755 449 1928 488 ἐπίσπα-

658 514 786 550 στρον,
800 499 915 551 κρίκος
933 497 1001 538 τῆς
1016 498 1145 550 θύρας,
1169 510 1333 539 vocatur
1347 514 1368 538 a
1381 499 1543 540 Graecis
1556 500 1668 557 κόραξ
1684 500 1724 540 ὃ(
1745 501 1926 555 κοράκων·

659 553 782 593 Gloff.
799 554 850 592 H.
865 552 1065 605 Stephani:
1089 553 1248 591 Uncinus
1260 553 1403 605 ,κόραξ
1422 554 1605 606 σιδηρους
1618 554 1738 605 Κόραξ
1760 555 1930 607 σιδηροῦς

660 606 792 659 θύρας,
811 607 975 652 uncinus,
997 607 1202 658 repagulum
1224 606 1267 645 In
1283 606 1341 645 his
1363 606 1615 660 fimilibusque
1638 608 1719 646 aliis
1738 608 1829 647 nihil
1849 609 1930 657 est,

657 661 764 721 quod
784 673 875 700 cum
897 671 1005 709 κλοιῳ
1028 660 1261 699 commode
1254 671 1448 712 lungatur‚
1468 661 1508 700 &
1528 661 1574 700 ad
1593 662 1818 701 vinciendos
1839 675 1928 703 reos

657 715 858 766 pertineat.
875 713 935 752 Ad
949 699 1110 752 uncosfi
1128 714 1214 765 quis
1233 713 1451 767 confugerit
1467 716 1696 754 nocentibus
1715 715 1927 767 ἰητρεᾶοε,
1965 738 1980 744 ·<

657 768 705 805 de
718 767 861 820 quibus
875 767 913 806 P.
936 766 1057 806 Faber
1078 766 1251 806 Semestr.
1272 767 1328 814 ΙΙ,
1351 780 1398 818 9,
1420 767 1461 806 δι
1484 768 1628 807 Baron.
1649 769 1694 807 ad
1716 769 1849 821 Marty
1854 768 1930 810 rol.

659 821 779 860 Rom.
796 821 874 859 lan.
892 834 953 873 19,
967 821 1223 872 addideritque
1235 822 1428 873 egregium
1446 820 1634 874 Propertii
1653 822 1783 861 locum
1798 823 1855 862 IV
1868 823 1931 864 El.

659 874 700 920 Ι,
719 888 806 923 141,
819 878 870 913 Et
889 876 965 912 bene
978 889 1051 913 cum
1055 876 1172 925 fixum
1195 887 1303 913 mento
1322 874 1493 926 dectffrt't
1513 891 1655 923 uncum,
1676 876 1746 913 Nil
1761 877 1822 915 etit
1836 877 1928 916 hoc·
1910 908 1926 925 ,

659 931 761 980 rostro
773 941 803 967 te
814 939 938 980 premet
953 928 1038 979 anfiz
1050 929 1138 980 fito,
1154 927 1304 967 fatebor
1319 929 1519 980 equidem,
1537 928 1628 968 haec
1644 941 1724 967 non
1737 928 1815 969 fine
1828 943 1927 982 qua·

657 983 743 1020 dam
759 996 786 1020 v
789 984 842 1021 eri
857 982 976 1034 specie
990 981 1094 1034 poss'e
1105 982 1281 1033 proferri,
1295 982 1412 1021 modo
1424 992 1662 1034 compertum
1676 981 1791 1030 toret,
1804 983 1926 1023 Grae'⁴

659 1048 728 1075 cos
741 1035 943 1088 scriptores
965 1048 1135 1088 unquam
1156 1035 1319 1074 illumin
1341 1035 1500 1075 modum
1521 1035 1683 1087 κόρακας
1705 1037 1819 1089 usurp
1823 1036 1922 1077 affe.

658 1088 770 1128 Dion
785 1100 886 1129 certe
900 1088 1073 1128 Caffius
1059 1089 1256 1142 aynau-ep&
1269 1102 1355 1127 τινα
1369 1089 1537 1141 μεγάλα
1547 1089 1753 1150 appellavit
1767 1091 1872 1138 LXI,
1888 1105 1925 1144 p.

659 1142 761 1195 689;
775 1156 856 1204 quo
878 1141 992 1195 pado
1014 1158 1134 1181 uncum
1147 1141 1426 1181 Onomasticon
1444 1153 1559 1182 vetus
1575 1144 1865 1196 interpretatur:
1883 1158 1928 1184 o-

661 1197 775 1236 mitto
791 1199 882 1242 iam,
901 1197 987 1236 huic
1001 1190 1246 1249 explicationi
1261 1195 1443 1248 loquendi
1455 1195 1646 1236 formam'
1632 1198 1854 1248 επικείμενος
1865 1198 1927 1236 nl,-
1964 1195 1968 1198 ⁴

658 1265 759 1310 poena.
773 1251 1021 1290 vehementer
1044 1262 1269 1302 repugnare
1291 1249 1394 1302 Ergo
1412 1250 1750 1303 circumspicienti,
1765 1264 1814 1290 an
1834 1251 1926 1303 quid

658 1304 698 1342 in
713 1303 841 1343 locum
856 1302 923 1342 τοῦ
940 1303 1093 1355 κόρακος
1106 1314 1192 1356 apte
1203 1305 1340 1356 reponi
1355 1302 1496 1356 poffet,
1509 1304 1673 1356 primurn
1689 1302 1925 1344 offerebatur

659 1357 814 1410 χοῖνιξ,
831 1371 930 1411 quae
943 1356 1145 1409 Hesychio
1157 1356 1282 1402 πέδη,
1304 1356 1344 1396 &
1358 1358 1531 1407 Χοίνικες,
1550 1357 1589 1396 αἱ
1609 1356 1753 1402 βαθεῖαι
1778 1357 1926 1406 πέδαι,

660 1424 760 1463 quas
773 1411 954 1464 utrasque
965 1411 1165 1465 copulavit
1178 1409 1370 1462 Aristoph.
1385 1412 1424 1449 in
1440 1410 1493 1450 Pl.
1507 1425 1546 1450 v.
1562 1412 1648 1459 276.
1668 1411 1766 1463 apud
1780 1411 1926 1452 Demo-

659 1465 778 1505 flhen.
794 1481 876 1519 περι
893 1471 1004 1514 Στεφ.
1021 1478 1104 1518 pag
1118 1478 1212 1529 494
1213 1463 1264 1503 D.
1279 1465 1446 1504 Tromes
1461 1464 1656 1505 Aeschinis
1671 1475 1780 1518 pater
1795 1465 1925 1519 Elpiae

657 1518 817 1560 servivit
830 1521 1028 1584 χοίνικας
1013 1520 1189 1572 παχείας
1202 1516 1308 1570 ἔχων
1329 1519 1395 1557 καὶ
1407 1517 1527 1570 ξύλον.
1544 1518 1616 1558 Sed
1635 1519 1788 1567 deinde,
1805 1533 1926 1572 quan-

658 1574 866 1626 doquidem
882 1572 1049 1626 χοίνικες
1064 1583 1147 1612 tum
1159 1571 1293 1624 plurali
1304 1585 1466 1612 numero
1477 1573 1703 1634 plerumque
1715 1572 1858 1613 soleant
1871 1573 1928 1613 ef-

656 1625 767 1674 ferri,
788 1639 869 1667 turn
884 1627 1051 1681 pedibus
1071 1626 1303 1689 implicandis
1323 1638 1568 1689 comparatae
1591 1628 1716 1666 minus
1739 1627 1926 1680 quadrare

657 1681 881 1721 viderentur
891 1681 1015 1721 verbo
1027 1679 1250 1732 προσήεσαν,
1261 1680 1306 1718 ad
1319 1679 1494 1719 σκύλακα
1507 1680 1651 1720 delatus
1658 1679 1756 1726 sum,
1770 1681 1871 1728 huic,
1880 1692 1924 1721 ut

659 1736 817 1787 opinor,
829 1737 919 1775 loco
934 1734 1255 1788 appositiffimum.
1273 1733 1492 1784 Quomodo
1506 1734 1629 1773 Latini
1643 1749 1757 1774 canem
1770 1734 1810 1773 δι
1825 1744 1926 1774 catu·

660 1789 752 1834 lum,
770 1790 821 1828 ita
837 1789 1016 1829 σκύλακα
1030 1787 1171 1828 Graeci
1184 1788 1381 1827 vinculum
1396 1787 1562 1827 ferreum
1577 1788 1769 1842 appellant
1781 1789 1924 1829 cervici

659 1842 960 1882 circumdatum:
977 1841 1116 1891 ἐξα-μον
1129 1839 1296 1894 σιέκρουν
1309 1842 1466 1907 exponit
1480 1841 1574 1881 Poll.
1593 1843 1650 1889 X,
1668 1843 1756 1891 167,
1767 1842 1924 1903 prolatis

658 1895 829 1936 Platonis
849 1897 988 1937 comici
1006 1896 1152 1935 verbis:
1175 1895 1304 1940 Λαβὼν
1322 1896 1392 1945 μὲν
1415 1910 1472 1934 ουν
1488 1898 1549 1933 τον
1572 1894 1751 1934 σκύλακα
1774 1899 1836 1935 τὶν
1855 1910 1923 1936 του

659 1950 859 2001 Προξένου,
881 1950 1058 1990 Καπειτα
1071 1949 1181 1990 (Γησον
1202 1945 1324 1989 αὐτόν·
1339 1949 1533 1988 —ibidem
1548 1950 1781 2002 praecedunt
1792 1952 1926 1999 κλῳὸς,

656 2008 780 2044 mom
797 2003 865 2044 &‘
855 2002 1003 2044 άλυα-ις.
1016 2003 1155 2055 Polyb.
1169 2017 1204 2056 p.
1224 2003 1347 2050 1116,
1364 2003 1421 2042 M.
1441 2002 1612 2049 Acilius,
1626 2013 1714 2043 cum
1736 2004 1924 2066 tergiver-

655 2056 831 2098 sarentur
845 2057 1078 2098 Aetolorum
1093 2058 1228 2110 legati,
1243 2057 1361 2109 φέρειν
1375 2055 1508 2096 αλυσιν
1521 2057 1688 2103 ἐκέλευε,
1701 2057 1764 2097 καὶ
1779 2056 1926 2104 σκύλα-

658 2123 711 2149 κα
732 2111 837 2164 σιὸηρ
841 2127 898 2151 ουν
921 2110 1073 2162 ἑκάστῳ
1093 2111 1285 2163 περιθεῖναι
1307 2112 1389 2162 περὶ
1413 2113 1473 2150 τὸν
1496 2111 1702 2162 τράχηλον·
1724 2111 1924 2160 videatur,

657 2178 775 2217 quem
790 2167 882 2206 haec
897 2165 974 2219 ipsa
988 2165 1075 2205 loca
1095 2177 1173 2204 non
1193 2164 1393 2226 fugerunt,
1409 2164 1559 2204 Theod
1574 2165 1658 2204 Mar
1661 2164 1771 2204 cilius
1785 2165 1830 2203 ad
1849 2165 1923 2204 LL.

658 2219 734 2259 XII
746 2220 844 2259 Tab.
866 2233 898 2260 c.
919 2219 1064 2259 XVIII.
1081 2219 1158 2258 Iam
1173 2219 1201 2258 s1
1219 2219 1377 2270 legeris
1370 2231 1408 2257 1n
1421 2219 1616 2267 Luciano,
1632 2220 1747 2257 κλοιον
1761 2215 1926 2258 ἕκαστος

658 2272 797 2322 αὐτων,
820 2273 1096 2319 καισκύλακα,
1109 2287 1136 2312 v
1139 2272 1195 2319 el,
1211 2274 1229 2313 ii
1243 2272 1420 2311 σκύλακα
1436 2272 1696 2320 Σιτάλαγτον
1683 2273 1926 2322 επικείμενος,

659 2327 701 2366 ἃ
715 2341 899 2389 perquam
912 2328 1007 2367 levis
1018 2327 1091 2366 erit
1102 2326 1280 2372 mutatio,
1293 2326 1333 2365 δι
1349 2326 1444 2365 nihil
1457 2325 1618 2379 amplius
1633 2325 1804 2372 restabit,
1815 2326 1924 2379 quod

660 2381 802 2420 ullam
795 2395 832 2421 m
847 2391 994 2433 partem
1009 2380 1188 2420 offendat.
1201 2381 1364 2419 HEMST.

717 2435 806 2488 Pag
823 2449 879 2486 ¹5·
901 2436 924 2473 l.
942 2450 973 2474 1.
999 2434 1321 2484 Ἀποτελουμένας
1346 2432 1479 2486 σκιας)
1505 2433 1595 2472 Hoc
1622 2433 1735 2473 docet
1757 2431 1892 2472 Plato
1884 2444 1922 2472 m

659 2490 773 2542 Gorg
777 2491 822 2528 ia.
841 2489 978 2528 BROD.
993 2489 1183 2528 Coniiciat
1197 2488 1331 2540 aliquis
1347 2487 1444 2526 haud
1464 2486 1622 2526 absurde
1635 2486 1924 2536 &munem-{me

656 2543 737 2585 ἀπὸ
750 2557 821 2586 των
832 2557 941 2595 σωμα
946 2557 1026 2592 των,
1038 2542 1240 2596 quomodo
1251 2542 1403 2583 locutus
1415 2540 1466 2581 est
1477 2540 1714 2586 Aristotele53
1723 2554 1748 2580 v
1752 2539 1803 2586 el,
1815 2537 1843 2579 si
1853 2538 1924 2579 ser·
