2015 3490
665 269 750 332 578
857 263 1726 312 ANNOTATION'ES

658 367 736 399 σος,
751 352 790 391 Sc
807 352 902 392 male
922 365 945 390 a
964 351 1113 391 summo
1129 351 1218 392 viro
1245 350 1459 391 intelleEius
1479 352 1519 391 δι
1533 353 1735 394 translatus
1747 386 1758 402 ‚
1774 354 1819 394 (le
1839 366 1923 408 quo

657 406 758 445 alias.
774 405 859 452 Sed,
878 406 987 445 crede
1001 406 1105 453 mihi,
1119 405 1262 444 nullam
1278 417 1446 458 unquam
1459 404 1566 444 fuiss'e
1578 419 1714 445 cavam
1726 408 1924 458 Arabiam,-

657 472 728 499 nec
746 458 905 512 usquam
920 472 1001 498 eam
1019 459 1201 511 reperies,
1218 458 1304 498 licet
1314 459 1353 496 in
1368 457 1448 508 ipso
1461 458 1546 498 solis
1564 472 1680 498 curru
1695 462 1830 500 orbem
1847 472 1922 501 ter-

658 526 788 552 rarum
815 512 946 552 lustres
963 543 974 561 ‚
1005 524 1071 557 aut
1097 512 1204 551 alatis
1225 512 1456 551 draconibus
1476 523 1566 551 cum
1590 512 1834 565 Triptolemo
1856 529 1924 569 per

657 578 793 605 omnes
804 576 934 618 gentes
945 564 1240 607 circumferaris.
1256 565 1303 604 Et
1314 594 1325 612 ,
1338 563 1365 604 sl
1378 577 1478 618 quae
1487 565 1577 604 esset
1587 595 1600 611 ,
1614 567 1704 617 quid
1720 578 1845 607 tamen
1860 569 1922 608 illa

658 619 705 658 ad
719 619 916 672 Argivos?
932 620 1034 658 Num
1047 620 1094 658 ad
1109 617 1246 658 famem
1260 619 1503 657 avertendam
1520 619 1566 657 illi
1580 632 1629 657 ex
1646 620 1803 673 Europa
1815 622 1853 660 in
1867 623 1925 662 ul..

657 673 790 719 timam
810 672 940 712 Asiam
957 673 1003 712 ad
1022 672 1204 712 Arabiam
1223 671 1420 715 colendam
1442 671 1788 722 proficiscerentur?
1803 673 1899 728 λιῖροι
1911 707 1924 724 ,

657 724 770 778 λῆροι.
787 727 876 765 Mea
889 736 1067 779 excerpta
1085 725 1253 765 scribunt
1270 724 1526 778 portentosius
1543 724 1589 765 ὧς
1611 727 1678 767 τὴν
1702 738 1924 779 nuncopa-

656 780 751 832 βίαν.
767 779 995 832 (istiusmodi
1014 780 1120 818 varia
1131 778 1246 819 lestio
1261 779 1298 817 in
1316 778 1447 829 Synes.
1464 779 1534 831 Ep.
1548 795 1593 827 4,
1610 792 1648 831 p.
1666 781 1737 820 160
1751 779 1827 834 C.)
1846 783 1925 821 Mi-

653 833 697 872 hi
714 843 839 872 tamen
853 833 901 872 ad
916 846 1045 873 veram
1060 832 1262 872 leciionem
1280 832 1423 871 aditum
1441 844 1683 884 aperuerunt.
1702 833 1922 885 Legendum

658 886 759 925 enim
772 917 785 933 ,
798 883 848 932 ,ὥς
862 887 927 926 τὴν
950 886 1178 938 Κυλλάραβιν
1191 885 1349 936 σπείρειν
1361 884 1576 939 ἐπιχειρεῖν,
1589 898 1628 924 ut
1647 887 1847 938 Cyllarabitz
1863 905 1923 927 ve-

659 940 725 979 lint
738 940 854 991 firere.
877 940 965 979 Fuit
985 939 1203 991 Cyllarabis
1219 938 1463 992 gymnasium
1478 939 1515 977 in
1531 939 1729 991 Argolide.
1749 937 1924 993 Hesych.

661 994 895 1046 κυλλάραβις
911 992 1041 1032 simos·
1061 995 1079 1033 ii
1101 994 1309 1046 γυμνάσιον
1331 992 1365 1031 ἐν
1376 991 1520 1045 Ἄργει.
1545 991 1662 1044 (Vid.
1684 993 1924 1036 Plutarch.in

659 1046 798 1098 Pyrrh.
819 1060 902 1099 pag.
917 1061 994 1095 404
1007 1046 1060 1086 D.
1078 1046 1228 1094 Cleom.
1242 1060 1279 1099 p.
1292 1045 1368 1084 812
1383 1044 1428 1085 C.
1444 1047 1521 1095 817
1533 1045 1606 1098 C.)
1620 1046 1796 1086 Meminit
1809 1049 1924 1089 huius

660 1100 849 1152 gymnasii
861 1101 974 1139 etiam
987 1100 1208 1140 Plutarchus
1222 1099 1259 1138 in
1277 1099 1357 1138 vita
1372 1098 1504 1151 Agidis
1519 1099 1560 1138 δι
1577 1099 1794 1140 Cleomenis
1806 1124 1818 1148 ,
1834 1115 1924 1143 cum
1943 1109 1946 1113 ’

661 1153 855 1200 narraffet‚
869 1153 1120 1193 Cleomenem
1132 1165 1267 1206 agrum
1282 1152 1522 1205 Argivorum
1538 1153 1577 1192 δι
1590 1166 1744 1192 omnem
1760 1153 1923 1207 segetem

660 1207 856 1259 perdidiffe
869 1207 1035 1247 funditus
1048 1221 1056 1248 ε
1073 1207 1193 1256 addit,
1213 1203 1259 1247 ὧς
1268 1208 1394 1257 μέντοι
1411 1208 1519 1245 κατὰ
1531 1206 1844 1266 τὴνΝΚυλλέιριιβιν
1857 1225 1925 1264 ⁹75·-

659 1261 793 1310 νόμενοι
806 1263 848 1300 τὸ
863 1263 1089 1313 γυμνάσιον,
1102 1260 1318 1323 ἐπεχείρρυν
1335 1260 1540 1319 προςφέρειν
1554 1275 1644 1311 mle,
1664 1259 1859 1310 ἐκώλυσεν,
1877 1259 1925 1304 ὦς
1982 1290 2000 1298 ιι

661 1314 729 1353 καὶ
747 1314 821 1354 τῶν
841 1315 922 1367 ’περὶ
937 1315 1115 1368 μεγάλην
1135 1314 1244 1355 πόλιν
1258 1315 1322 1353 υπ’
1337 1314 1448 1365 ὀργῆς
1465 1313 1611 1363 μᾶλλον
1634 1314 1652 1354 ii
1671 1314 1797 1354 κοιλῶς
1818 1314 1924 1367 αὐτῷ

661 1369 960 1421 πεπραγμένων.
981 1369 1162 1422 Postquam
1174 1381 1284 1407 tamen
1301 1379 1435 1406 ventum
1450 1369 1499 1405 ad
1513 1368 1710 1419 Cyllarabin
1725 1371 1780 1421 est,
1793 1369 1828 1408 ὃ·
1836 1371 1925 1422 snb-

662 1423 734 1460 dere
741 1421 842 1484 fac-es
854 1422 1079 1485 qggreffi'sunt
1091 1425 1284 1474 gymnasio,
1298 1421 1420 1473 obstitit
1426 1435 1442 1467 ;
1459 1423 1640 1473 ostendens,
1656 1423 1732 1470 illa,
1742 1438 1828 1475 quae
1846 1427 1927 1463 Me-

659 1476 812 1528 galopolz
823 1477 947 1529 egfft,
959 1477 1043 1516 irate
1051 1478 1179 1528 polim,
1187 1492 1286 1529 quam
1297 1476 1374 1513 bene
1386 1490 1409 1512 a
1414 1474 1453 1526 ft
1461 1476 1550 1527 gesta
1560 1475 1633 1527 effe.
1643 1475 1727 1516 Liv.
1737 1477 1924 1525 XXXIV,
1981 1507 1985 1518 ι

666 1528 717 1566 26
729 1542 738 1569 :
755 1530 857 1581 Mifit
864 1531 1031 1583 expeditos
1039 1531 1163 1584 pedites
1174 1529 1368 1583 equitesque,
1382 1527 1441 1581 qui
1452 1529 1539 1568 circa
1555 1529 1752 1581 Cyllarabin
1764 1529 1927 1583 (gymna-

654 1583 746 1634 fium
762 1585 800 1622 id
808 1586 850 1638 est
863 1585 973 1624 minus
985 1596 1141 1624 trecentos
1147 1584 1269 1637 paffus
1279 1585 1322 1622 ab
1338 1584 1415 1621 urbe
1429 1581 1445 1635 )
1457 1597 1531 1621 cum
1543 1584 1785 1636 erumpentibus
1794 1601 1816 1623 a
1823 1598 1924 1638 porta

663 1638 935 1677 Lacedaemoniis
946 1639 1110 1690 proelium
1129 1637 1371 1690 commiserunt.
1390 1635 1589 1675 Pausanias
1608 1637 1647 1675 in
1670 1636 1928 1680 Corinthiacis

664 1690 731 1743 (p.‘
743 1691 766 1730 6
775 1704 807 1740 5,
828 1705 869 1745 13
884 1692 901 1745 )
922 1702 1040 1732 vocat
1053 1692 1265 1742 Κυλαράβου
1280 1689 1503 1744 γυμνάσιον,
1517 1689 1558 1731 &
1571 1688 1621 1730 s1c
1633 1703 1654 1729 a
1667 1689 1833 1730 Stheneli
1844 1692 1926 1734 filio

663 1745 893 1797 appellatum
907 1744 979 1785 effe
992 1745 1126 1786 anaor
1137 1744 1202 1785 est.
1218 1745 1339 1793 Vide,
1352 1756 1451 1797 quae
1474 1744 1522 1783 ad
1534 1744 1726 1783 laudatum
1745 1745 1842 1784 Livii
1862 1746 1924 1786 lo-

665 1813 754 1841 cum
770 1798 880 1839 affert
903 1810 1036 1839 contra
1055 1798 1347 1845 casaubonum,
1363 1798 1430 1851 qui
1447 1797 1539 1838 velit
1558 1798 1659 1851 apud
1672 1798 1824 1838 Livium
1849 1799 1924 1853 legi
1949 1804 1954 1814 '

667 1855 757 1893 circa
779 1854 970 1906 Cyllarahis
988 1855 1224 1907 gymnafium‚
1246 1853 1323 1892 Iac.
1346 1851 1572 1893 Gronovius
1585 1881 1596 1897 ,
1613 1852 1737 1903 magni
1759 1856 1926 1904 parentis

667 1920 751 1947 non
765 1909 892 1947 minor
913 1907 1022 1946 filius.
1042 1906 1140 1946 Istud
1154 1905 1395 1958 gymnasium
1418 1904 1561 1945 sacrum
1579 1905 1672 1952 fuit,
1692 1904 1733 1945 δι
1749 1917 1791 1944 ut
1804 1907 1926 1959 plera·

666 1974 744 2015 que
759 1961 852 2008 alia,
871 1961 1084 2000 dedicatum
1103 1961 1210 2007 Diis,
1226 1961 1354 2013 itaque
1366 1958 1687 2000 ufibus·lmmanis
1705 1971 1898 2000 exemtum
1911 1993 1926 2011 ‚

670 2025 715 2055 ut
730 2027 819 2067 ager
837 2015 917 2055 eius
936 2015 1013 2054 coli
1031 2027 1110 2055 non
1123 2013 1407 2067 potuerit.1nde
1421 2014 1669 2065 proverbium
1684 2013 1760 2052 hoc
1775 2026 1923 2056 natum.

669 2068 845 2109 GRAEV.
865 2068 1012 2121 (Quae
1025 2069 1133 2108 uncis
1148 2067 1287 2108 inclusa
1301 2067 1435 2106 suntin
1454 2067 1611 2108 Graevii
1626 2067 1747 2112 notis,
1762 2080 1806 2106 ea
1825 2069 1926 2108 addi-

666 2123 774 2162 derat
789 2122 943 2175 Hemst.)
959 2122 1216 2175 Κυλλάραβιν)
1231 2122 1400 2162 Βοξὶειιη
1421 2121 1460 2160 &
1478 2121 1660 2174 optimam
1685 2119 1782 2160 hanc
1800 2121 1924 2163 Grae-

669 2177 726 2216 vii
740 2176 1041 2216 emendationem
1055 2176 1094 2215 in
1104 2187 1248 2216 textum
1260 2207 1272 2224 ‚
1285 2185 1327 2214 ut
1339 2188 1405 2227 par
1417 2186 1496 2214 erat
1506 2205 1517 2221 ,
1533 2174 1757 2226 recepimus.
1773 2174 1889 2215 Locis
1901 2190 1925 2217 a

668 2230 756 2271 viro
771 2229 920 2270 summo
934 2229 1093 2270 laudatis
1106 2230 1186 2269 duo
1201 2230 1292 2270 haec
1304 2230 1395 2269 adde
1411 2228 1612 2274 Plutarchi,
1631 2226 1793 2267 alterum
1810 2229 1847 2269 in
1860 2243 1927 2270 eo-

666 2284 751 2323 dem
766 2282 975 2323 Cleomene
986 2314 997 2331 ‚
1013 2284 1173 2323 alterum
1187 2284 1224 2323 in
1237 2283 1388 2335 Pyrrho
1400 2282 1466 2321 sub
1482 2282 1595 2322 finem
1609 2313 1620 2330 ‚
1631 2295 1668 2334 p.
1681 2294 1758 2334 739
1769 2281 1819 2321 A.
1834 2283 1921 2336 (ed.

666 2337 783 2390 lunt.)
811 2337 882 2385 146
905 2338 948 2377 B.
971 2338 1016 2376 In
1032 2348 1107 2377 tam
1132 2338 1276 2390 liquida
1298 2337 1523 2390 ceteroquin
1546 2335 1811 2375 emendatione
1825 2349 1926 2377 non-

666 2391 757 2430 dum
772 2390 858 2430 satis
869 2391 1039 2431 constare
1053 2391 1219 2437 videtur,
1231 2404 1308 2445 qua
1321 2389 1553 2443 potiffimum
1570 2390 1719 2429 ratione
1732 2388 1928 2430 scribenda?

665 2443 710 2483 sit
729 2457 809 2484 vox
825 2445 1068 2493 Κυλλάραβις·
1096 2458 1184 2484 nam
1209 2445 1247 2484 in
1272 2444 1424 2496 Pyrrho
1446 2445 1658 2494 Κυλάραβις
1674 2441 1862 2490 scribitur,
1882 2445 1925 2484 in

666 2498 748 2537 vita
772 2509 897 2536 autem
920 2499 1140 2538 Cleomenis
1162 2502 1204 2537 τὸ
1227 2499 1478 2548 Κυλλαράβιον
1502 2511 1584 2549 pag.
1601 2510 1690 2546 710.
1717 2494 1835 2547 (lunt.
1851 2509 1924 2548 174

667 2550 718 2591 A.
730 2551 801 2605 B.)
818 2551 968 2592 Deinde
989 2565 1081 2593 mox
1097 2552 1331 2604 Κυλλάβοιρις
1347 2551 1527 2605 scriptum
1543 2550 1595 2591 est
1607 2565 1643 2605 p.
1659 2551 1789 2604 714B.
1806 2549 1925 2604 (lunt,
1967 2603 1968 2606 Ἴ
