2015 3490
693 261 781 323 5ffi
884 222 1756 308 ANNoTATloNEs

687 361 737 387 ex
756 347 820 387 sua
841 346 925 387 sede
939 347 1155 387 divulsum:
1172 348 1334 388 relatum
1351 348 1451 388 enim
1474 354 1558 390 erat
1574 351 1621 390 ad
1640 350 1743 391 Dial.
1764 349 1894 394 Piscat.
1909 352 1951 395 δε

687 401 896 441 admodum
912 399 1049 441 vitiose
1063 400 1302 455 descriptum.
1320 403 1469 442 Rmz.

742 456 835 506 Pag.
850 469 936 493 222.
952 456 976 492 l.
1001 468 1032 494 1.
1045 455 1115 493 Καὶ
1133 456 1170 495 ἐς
1190 452 1429 503 βαθυκήτεα)
1451 455 1534 497 Aut
1556 454 1790 509 μεγακήτεα
1807 459 1952 502 πόντον.

688 508 779 548 Hoc
792 520 879 548 ante
891 507 1078 547 ostensum
1091 508 1154 547 est.
1168 509 1308 548 BROD.
1329 509 1393 548 De
1411 509 1484 549 hac
1498 523 1599 550 voce
1617 511 1761 551 dietum
1774 511 1826 552 est
1840 512 1952 567 supra

689 563 736 601 ad
750 567 833 612 Τιμ.
847 573 880 601 c.
894 575 907 599 1
917 563 952 600 6.
965 562 1054 600 Vid.
1067 562 1244 614 Theogn.
1262 576 1347 615 173.
1362 563 1521 603 SOLAN.

742 617 816 654 ead.
836 615 859 653 l.
888 629 922 653 2.
954 613 1124 666 Πετρῶν)
1149 616 1333 655 Mendum
1354 616 1467 656 huius
1491 616 1601 656 vocis
1621 617 1952 667 emaculavimus,

687 669 794 721 quod
813 681 948 708 omnes
967 669 1048 708 edd.
1068 667 1268 715 insidebat,
1291 669 1331 708 δι
1349 669 1471 723 ipsum
1491 671 1546 710 M.
1567 672 1734 710 codicem
1747 703 1758 718 ‚
1779 675 1954 726 πετρέων.

689 723 811 763 Reae
825 722 924 776 apud
936 722 1141 762 Stobaeum
1152 722 1288 774 legitur
1299 722 1414 763 Grot.
1428 723 1457 762 F
1460 724 1531 763 lor.
1546 723 1633 777 387.
1647 724 1806 765 Some.

743 779 816 814 ead.
830 778 853 814 l.
872 789 928 814 10.
943 775 1190 829 Μισδοφορᾰν)
1203 776 1344 815 Forsan
1355 777 1606 828 μισθοφορίαν.
1619 776 1734 817 Conf.
1751 778 1861 832 supra
1872 792 1904 820 c.
1914 793 1954 834 3.
1968 814 1971 817 Α

682 829 848 869 SOLAN.
861 828 1135 869 Coniecturam
1148 828 1278 868 Solani
1294 829 1420 869 firmat
1436 831 1505 869 Ms.
1518 831 1614 883 Reg.
1632 834 1746 884 2956.

742 887 814 922 ead.
828 884 851 922 l.
865 898 878 921 1
894 896 923 921 1.
940 883 973 922 Εἰ
988 883 1028 921 ἐκ,
1045 882 1111 922 τοῦ
1122 882 1263 935 ῥεια-τοῦ
1270 883 1286 935 )
1302 884 1341 922 Si
1352 883 1491 935 eflzcifi,
1500 887 1539 935 fi
1547 884 1641 923 nullo
1657 885 1798 936 negotio.
1811 885 1953 926 BROD.

688 937 796 978 Mjsc.
813 938 856 976 L.
877 937 950 984 IX,
970 949 1052 990 cap.
1074 951 1131 990 13.
1150 937 1205 976 lta
1226 949 1362 991 nempe
1377 935 1517 991 scripsit
1538 936 1681 990 ῥαστοῦ
1695 951 1768 992 pro
1787 938 1953 992 ῥᾴστου,

690 991 798 1032 male.
814 992 959 1030 RmTz.

745 1048 818 1084 ead.
833 1046 855 1083 l.
879 1059 937 1084 12.
954 1044 1010 1083 Μῗι
1031 1045 1158 1082 πολλὰ
1171 1043 1271 1094 μηδὲ
1290 1044 1411 1085 πλείω
1431 1044 1503 1084 τῶν
1519 1043 1641 1083 ἄλλων
1655 1042 1808 1086 πονοῦσι
1817 1074 1832 1092 ,
1844 1059 1955 1098 περι-

693 1100 880 1151 γίγνεται
897 1099 981 1137 ἀπ.
996 1097 1060 1150 ὃ.)
1076 1099 1149 1136 Hic
1165 1101 1263 1137 ordo
1279 1099 1490 1138 verborum
1505 1112 1553 1138 ex
1561 1100 1630 1138 W.
1645 1100 1687 1139 δι
1702 1098 1882 1139 V.est.1n
1893 1112 1955 1139 re-

690 1153 805 1205 liquis
825 1166 845 1191 a
866 1166 991 1205 περιγ.
1015 1150 1052 1189 οὶ.
1074 1166 1111 1190 et.
1134 1150 1173 1190 s.
1195 1152 1386 1205 incipitur,
1409 1153 1532 1192 minus
1555 1154 1774 1193 commode.
1793 1152 1954 1193 SOLAN.

694 1205 795 1245 Cum
809 1208 879 1245 W.
894 1206 935 1245 δι
957 1207 1008 1245 V.
1031 1203 1276 1244 consentiunt
1295 1205 1381 1245 Mff.
1395 1206 1517 1259 Regg.
1536 1219 1638 1258 2954
1659 1207 1700 1245 δι
1717 1207 1844 1260 2956,
1862 1206 1955 1248 teste

693 1260 741 1298 cl.
755 1259 800 1299 B.
815 1260 859 1299 de
874 1259 966 1299 Ball.
981 1268 1097 1311 atque
1107 1257 1158 1297 sle
1172 1259 1333 1300 omnino
1352 1260 1506 1299 videtur
1526 1259 1742 1311 legendum.

748 1316 821 1352 ead.
834 1315 858 1352 l.
874 1327 932 1366 13·
949 1310 1053 1365 Εὖχῇ
1067 1312 1174 1365 γὰρ)
1190 1312 1234 1351 In
1250 1315 1420 1365 margine
1441 1313 1552 1367 Regii
1566 1312 1663 1352 Cod.
1681 1312 1721 1352 αἱ
1741 1315 1818 1366 γὰρ
1832 1308 1956 1365 εὖχοιὶ

694 1367 840 1406 ἐπίπαν
861 1369 913 1405 τὰ
935 1366 1115 1405 &swam
1131 1365 1419 1418 προβάλλονται.
1441 1366 1501 1407 Sic
1518 1367 1617 1419 apud
1635 1367 1795 1406 Lucian.
1811 1367 1956 1420 Navig-

694 1418 1166 1460 BouRn.c1.Hemsterh.
1180 1432 1272 1459 orae
1288 1420 1345 1460 ed.
1361 1421 1506 1461 Graev.
1527 1421 1706 1460 alleverat
1721 1420 1797 1460 vid.
1821 1419 1956 1461 Davis.

697 1477 743 1514 ad
755 1475 836 1515 Cic.
848 1473 964 1514 Tusc.
977 1473 1029 1513 D.
1045 1485 1130 1526 pag.
1149 1487 1219 1527 ¹32
1232 1473 1289 1513 ed.
1308 1488 1340 1513 2.
1356 1489 1392 1528 p.
1412 1489 1484 1528 149
1496 1475 1552 1514 ed.
1567 1489 1600 1527 3.
1615 1474 1650 1513 Is
1662 1484 1791 1513 autem
1805 1474 1845 1513 δι
1861 1474 1957 1514 haec

693 1528 853 1568 Luciani
873 1528 958 1567 ibid.
973 1528 1151 1573 adducit,
1167 1527 1316 1579 aliaque
1335 1528 1424 1568 huic
1441 1541 1520 1568 non
1532 1527 1730 1574 absimilia,
1746 1538 1790 1567 ut
1804 1527 1894 1567 Plat.
1908 1529 1955 1568 de

695 1582 850 1636 Rep.v‚
862 1597 898 1635 p.
911 1595 984 1634 340
996 1581 1054 1621 ed.
1070 1581 1231 1621 Cantab.
1245 1578 1321 1620 Οὐκ
1333 1582 1409 1635 ἄρα
1423 1582 1598 1621 ἀέὑνοιτοὶ
1612 1596 1674 1635 γε,
1685 1579 1772 1620 ούὸὲ
1784 1586 1957 1629 ΕΪΧΑΙΣ

696 1635 808 1686 ὅμοιοι
823 1634 1111 1687 ἐνομοθετοῦμεν.
1125 1634 1170 1674 Et
1181 1635 1238 1674 Vl
1250 1665 1262 1680 ,
1277 1649 1314 1687 p.
1325 1651 1376 1684 44
1388 1667 1400 1684 ‚
1415 1633 1522 1675 Οὕτω
1534 1638 1614 1689 γὰρ
1624 1635 1668 1675 ἂν
1681 1632 1785 1686 ἧμεῖς
1797 1633 1957 1675 δικαίως

695 1689 1004 1744 καταγελώμεθοι
1022 1687 1068 1728 ὡς
1083 1688 1207 1727 ἄλλως
1220 1694 1389 1729 ΕὙΧΑΙΣ
1402 1689 1512 1740 ὅμοιοι
1531 1692 1717 1743 λέγοντες.
1736 1687 1852 1729 Conf.
1874 1689 1957 1728 No-

695 1743 812 1783 strum
826 1745 865 1782 in
881 1745 1058 1783 Hermot.
1073 1755 1154 1794 cap.
1167 1743 1344 1793 71.Vota
1355 1744 1456 1782 enim
1472 1744 1698 1797 plerumque
1712 1743 1759 1782 ad
1768 1755 1842 1790 res,
1854 1754 1956 1796 quae

697 1797 780 1837 fieri
795 1807 991 1849 nequeunt
1001 1826 1013 1843 ‚
1027 1795 1212 1835 feruntur.
1227 1795 1373 1836 Rfilrz.

750 1852 785 1890 in
799 1852 914 1890 Schol.
927 1848 1010 1903 Ὡς)
1028 1850 1073 1889 Et
1086 1849 1160 1890 hoc
1173 1850 1365 1890 Scholium
1382 1849 1475 1890 falso
1485 1850 1530 1889 ad
1544 1849 1675 1889 Piscat.
1690 1849 1852 1889 relatum
1866 1848 1956 1889 suae

695 1903 769 1944 sedi
790 1904 1031 1944 restituimus.
1049 1903 1243 1943 Lacunam
1263 1915 1391 1944 autem
1411 1904 1509 1944 Cod.
1523 1905 1574 1943 V.
1593 1903 1677 1957 post
1695 1899 1814 1955 εὖχοιὶ
1829 1915 1877 1943 ex
1897 1903 1955 1942 M.

694 1958 884 2012 supplevit
898 1959 1078 1998 Solanus:
1122 1958 1162 1997 ui
1177 1958 1217 1997 ὃ(
1232 1957 1281 1996 ita
1293 1958 1367 2011 legi
1379 1958 1555 1997 observat
1565 1958 1602 1996 in
1615 1958 1692 1996 alio
1704 1958 1748 1996 ad
1762 1956 1859 1995 idem
1873 1969 1957 1995 ver-

697 2013 789 2052 bum
806 2012 964 2052 Scholio
979 2026 1014 2064 p.
1030 2025 1093 2060 24,
1124 2011 1180 2050 ed.
1194 2011 1359 2065 Graev.)
1375 2012 1442 2052 ubi
1455 2022 1581 2051 tamen
1591 2024 1711 2064 prave
1725 2010 1875 2050 δύναιτοι
1885 2022 1958 2064 pro

696 2066 872 2106 ᾰὲὑνατοι
885 2065 1132 2106 scribebatur.
1144 2065 1290 2104 Rtrrz.
1919 2065 1925 2074 '

758 2121 846 2171 Pag.
867 2134 953 2173 223.
968 2121 991 2159 l.
1010 2133 1042 2157 1.
1057 2118 1240 2172 Ὑγείας)
1263 2118 1443 2159 [maetam
1468 2118 1605 2171 reliqui
1626 2116 1848 2169 vulgatam,
1867 2116 1959 2169 quia

697 2185 908 2226 utrumque
921 2173 1080 2213 recium.
1093 2172 1228 2225 *Ὑγεία
1239 2174 1385 2226 ubique
1397 2186 1456 2225 ap.
1467 2172 1554 2211 Ael.
1569 2171 1699 2225 ὑγίεια,
1715 2183 1812 2210 vero
1828 2183 1888 2223 ap.
1901 2171 1959 2209 A-

697 2228 818 2267 ristot.
831 2241 864 2267 e.
877 2241 931 2280 gr.
945 2228 990 2267 de
1002 2227 1133 2266 Somn.
1146 2227 1184 2265 δι
1199 2227 1303 2279 vigil.
1320 2239 1355 2265 c.
1375 2241 1389 2265 1
1399 2257 1407 2265 .
1419 2228 1457 2265 in
1471 2226 1605 2279 Categ.
1620 2224 1716 2265 Se&
1732 2225 1778 2263 de
1790 2235 1959 2264 contrat.

698 2295 735 2334 p.
750 2296 797 2321 m.
813 2295 865 2330 40
880 2281 930 2320 D.
949 2283 1022 2321 ὄις.
1037 2280 1155 2334 Apud
1168 2280 1275 2319 LXX
1288 2293 1445 2333 quoque
1456 2275 1584 2333 ὑγίεια
1596 2278 1751 2331 semper.
1764 2278 1911 2317 Rnrz.

753 2341 827 2374 ead.
851 2337 873 2372 l.
898 2337 935 2375 6.
948 2333 1123 2387 Ταύτην)
1143 2333 1319 2385 δυΐρεᾶε
1339 2335 1429 2373 nnhi
1454 2334 1547 2372 haec
1572 2345 1677 2378 vox,
1698 2345 1813 2384 quam
1831 2342 1960 2371 tamen

700 2401 836 2428 omnes
849 2389 1033 2428 exhibent
1044 2419 1054 2436 ,
1073 2400 1172 2440 quos
1187 2388 1317 2427 videre
1337 2387 1429 2427 mihi
1444 2388 1549 2427 licuit
1560 2416 1570 2430 ,
1587 2385 1749 2426 Codices
1775 2385 1933 2425 SOLAN.

756 2447 829 2481 ead.
844 2443 866 2481 l.
880 2456 915 2491 7.
930 2444 1060 2482 Λοιπον
1073 2441 1118 2481 siv
1133 2441 1196 2479 κοιὶ
1213 2441 1467 2480 ἀληθέστατον
1479 2442 1562 2493 μὲν,
1577 2436 1719 2479 {imant
1734 2438 1779 2477 ἓὲ
1793 2441 1880 2490 πρὶς
1892 2434 1964 2477 αὖ·

700 2495 772 2535 ’τῶν
784 2496 1007 2549 λεγόμενον)
1023 2495 1197 2535 Erasmus
1213 2508 1300 2534 cum
1313 2494 1522 2534 Benedffito
1534 2524 1543 2539 ,
1562 2494 1713 2547 Superest
1725 2493 1815 2539 iam,
1831 2504 1870 2530 ut
1887 2505 1961 2530 eam

702 2549 838 2604 caufimz
857 2550 1036 2603 referamus
1047 2579 1065 2601 ,7
1074 2565 1158 2604 quae
1171 2550 1299 2604 quidem
1321 2561 1360 2589 ut
1379 2548 1539 2600 vertffima
1551 2550 1593 2602 est
1602 2577 1616 2597 ‚
1629 2550 1678 2587 ita
1691 2547 1816 2586 abillis
1829 2545 1962 2587 minime
