2015 3490
232 217 316 262 IN
366 212 1116 264 CONTEMP'LANTES.
1220 221 1307 285 385

43 319 174 350 curam
188 307 305 360 paulo
319 306 530 359 diligentius
543 304 796 354 incubuisset,
810 305 850 346 δι
864 306 1017 359 ingenio
1032 306 1142 347 simul
1155 307 1312 358 servire,

44 363 85 402 δι
101 374 228 401 rerum
248 361 439 414 gestarum
455 359 553 399 fidei.
568 360 731 399 Hzms’r.

46 449 54 456 .
97 418 169 454 ead.
183 416 207 454 l.
221 414 257 454 8.
274 414 342 455 Τὴν
359 416 404 452 τὸ
419 411 596 466 τριπλοῦν
609 412 772 465 τεῖχος)
787 412 989 466 Loquendi
1004 412 1210 454 formulam
1227 416 1312 456 illu-

42 468 175 509 stravit
187 467 329 507 lensius
342 468 387 506 ad
404 472 445 506 N.
459 474 505 505 Δ.
519 481 554 519 p.
567 480 656 518 157,
669 467 692 505 l.
705 467 740 504 8.
753 466 793 506 Αἱ
807 467 851 505 Σὲ
863 467 1038 518 zetpha,
1051 469 1174 520 inquit
1187 470 1311 511 Strab.

43 521 137 564 XIII
147 552 159 570 ‚
176 536 212 575 p.
225 520 301 575 928
324 521 367 560 B.
383 519 497 560 πόλις
511 521 591 559 ἐστὶ
602 521 762 574 μεγάλη
773 551 786 566 ,
797 521 955 572 νεωτέρα
970 520 1038 571 μὲν
1055 521 1128 560 τῶν
1148 525 1310 567 Τρωϊκῶν

43 575 166 630 (quod
180 585 222 615 ut
235 576 281 614 de
304 575 458 613 nomine
466 573 645 613 Straboni
657 573 764 617 ‘forte
783 574 991 613 concedam
1004 603 1015 619 ,
1033 575 1078 614 de
1091 574 1167 627 ipsa
1181 586 1309 617 tamen

41 630 150 678 urbe,
167 629 231 669 vel
247 641 333 668 arce
348 626 494 672 saltem,
511 628 669 666 minime
682 627 840 680 dedero)
855 628 1004 680 ἀρχαία
1018 628 1057 666 δ’
1069 627 1179 677 ὅμως,
1192 628 1309 682 ἄκραν

41 680 167 735 εὐερκῆ
181 682 344 736 ἔχουσαι.
359 681 444 721 Arx
463 680 548 720 sane
560 681 791 720 munitissimi
806 683 955 734 operis,
972 680 1013 720 &
1028 681 1179 732 prorsus
1199 685 1309 723 inex-

40 737 250 790 pugnabilis
264 735 410 781 futura,
421 734 487 774 nisi
496 735 618 775 Meles
631 735 710 776 sive
721 735 851 786 Myles
864 734 1130 787 portentosum
1141 735 1309 786 leonem,

42 803 90 831 ex
105 790 238 843 pellice
248 789 314 828 fibi
327 801 474 835 natum,
486 801 531 828 ea
545 789 623 828 sola
639 800 760 841 parte,
773 802 874 841 quae
889 789 1039 841 penitus
1053 789 1237 829 inaccessa
1249 793 1308 831 vi-

41 844 202 884 debatur
213 874 225 892 ,
249 841 495 882 circumferre
523 842 759 894 neglexisset:
780 842 970 882 Herodot.
994 842 1030 890 Ι,
1053 842 1103 890 84
1115 872 1127 888 ‚
1153 856 1201 882 ex
1225 858 1308 897 quo

40 896 186 938 Dionis
196 895 466 947 Chrysostomi
480 908 560 935 non
574 897 808 937 intelleEtum
820 895 1053 935 Casaubono
1062 897 1191 935 locum
1202 910 1310 951 egre-

40 952 104 1005 gie
115 951 325 991 declaravit
339 950 459 989 Henr.
473 949 647 989 Valefius
662 950 706 989 ad
726 951 816 990 Exc.
840 950 876 989 N
881 950 968 989 icol.
992 949 1170 990 Damasc.
1186 964 1221 1003 p.
1243 953 1305 992 68.

41 1003 236 1044 Adversus
246 1003 490 1045 Cimmerios.
502 1004 636 1043 deinde
649 1004 690 1042 δε
704 1004 955 1043 Athenienses
968 1003 1035 1041 diu
1049 1002 1132 1056 post
1145 1015 1226 1043 tuta
1239 1005 1308 1045 ste-

41 1058 102 1098 tit:
118 1058 306 1098 Herodot.
325 1057 365 1102 1,
386 1070 445 1110 15,
462 1058 512 1105 V,
530 1071 613 1097 100.
632 1057 755 1097 Cuius
774 1070 856 1104 arte
870 1067 981 1110 capta
999 1055 1112 1096 fuerit
1127 1071 1148 1097 a
1169 1057 1284 1110 Cyro
1296 1092 1308 1110 ,

0 1128 1 1151 ς
41 1111 192 1151 tradidit
214 1112 458 1151 Herodotus:
481 1111 528 1150 ab
550 1112 759 1151 Herodoto
781 1122 908 1150 tamen
934 1111 1109 1149 nonnihil
1132 1112 1210 1151 abit
1228 1113 1306 1153 Xe-

0 1162 2 1196 ῗ
40 1164 160 1218 noph.
176 1169 215 1202 K.
235 1169 282 1203 Π.
293 1163 370 1203 VII
381 1194 391 1211 ‚
408 1179 443 1216 p.
463 1179 552 1215 107,
564 1166 629 1204 ubi
643 1165 778 1216 τεῖχος
790 1168 830 1203 τὸ
843 1165 876 1203 ἐν
890 1164 1057 1216 Σάρδεσι
1073 1178 1307 1208 commemo-

39 1230 157 1266 ratur,
173 1219 215 1257 &
227 1220 280 1257 τὰ.
292 1218 582 1268 ἀποτομώτατα
595 1217 780 1257 sonofivm
797 1216 888 1257 εἶναι
905 1218 977 1256 τῶν
998 1218 1217 1270 Scepsim&
1235 1221 1307 1271 ἑρὺ.

38 1287 167 1324 ματα,
181 1285 296 1325 quam
310 1270 514 1311 lefflonem
529 1284 684 1325 propter
696 1273 882 1325 triplicem
898 1271 1051 1311 Luciani
1066 1285 1221 1312 murum
1234 1275 1306 1314 ser-

41 1326 124 1366 vari
136 1326 266 1366 velim.
280 1325 318 1364 A
332 1325 534 1377 Polyaeno
548 1326 688 1378 duplex
701 1327 799 1365 arcis
817 1339 883 1379 per
902 1324 1070 1364 fraudem
1093 1339 1304 1379 occupatae

41 1380 248 1433 exponitur
263 1381 431 1418 narratio
443 1393 492 1418 ex
505 1379 660 1419 diversis
674 1379 925 1432 scriptoribus
939 1381 1075 1431 petita:
1095 1382 1200 1432 prior
1212 1383 1246 1419 V
1256 1383 1304 1430 ΙΙ,

39 1445 74 1473 c.
89 1435 128 1480 6,
143 1433 159 1482 §
175 1448 211 1485 3,
223 1446 338 1485 quem
355 1433 492 1472 habeat
505 1433 701 1473 auctorem
713 1464 724 1482 ,
740 1435 900 1486 ignoro3
914 1433 1101 1485 posterior
1115 1434 1130 1483 §
1148 1449 1208 1487 13,
1222 1448 1305 1488 per-

39 1487 123 1527 inde
135 1500 157 1526 a
169 1486 361 1526 Frontino
372 1486 555 1539 descripta
566 1486 639 1534 Ill,
655 1487 676 1526 8
690 1518 700 1534 ‚
718 1487 733 1536 §
753 1502 788 1539 3,
803 1501 823 1525 a
839 1486 1086 1526 Ctesia‘tluxit
1097 1518 1107 1535 ‚
1122 1499 1163 1526 ut
1177 1489 1303 1528 osten-

42 1542 135 1582 dunt
142 1541 223 1581 eius
231 1540 421 1593 Excerpta
431 1554 465 1593 p.
481 1542 527 1593 63
539 1555 574 1594 ς,
586 1555 625 1579 ν.
639 1555 700 1594 30.
712 1542 784 1580 Sed
793 1539 928 1580 Croesi
940 1539 1036 1578 filiae
1051 1540 1205 1580 Nanidis
1215 1555 1304 1596 ope-

40 1607 83 1635 ra
93 1625 104 1643 ‚
118 1595 236 1647 pactis
248 1593 347 1646 Cyri
359 1595 501 1647 nuptiis
513 1595 687 1649 legitimis
697 1625 708 1642 ‚
723 1607 850 1633 arcem
867 1593 941 1633 effe
952 1594 1142 1645 proditam
1153 1597 1304 1637 cecine-

40 1659 130 1689 runt
145 1648 369 1699 Licymnius
384 1648 425 1687 δε
444 1648 737 1697 Hermesianax‚
753 1647 845 1687 teste
863 1647 1067 1686 Parthenio
1093 1648 1199 1687 Erot.
1219 1662 1301 1690 cao.

41 1702 178 1750 XXII,
193 1702 334 1755 quibus
349 1701 547 1741 Musarum
571 1700 720 1741 famulis
733 1713 920 1754 quatenus
940 1701 1111 1740 habenda
1126 1701 1171 1740 sit
1191 1695 1303 1752 fides,

41 1755 174 1798 lectori
189 1756 246 1795 ius
260 1756 463 1794 arbitrandi
477 1755 596 1795 facio:
618 1756 669 1794 ita
682 1769 780 1794 vero
799 1754 973 1794 Parthen.
995 1755 1079 1806 περὶ
1099 1756 1304 1806 mosoma.-

43 1810 254 1860 συνθεμένην
265 1808 319 1858 ’τῷ
330 1810 441 1862 Κύρῳ,
454 1809 484 1849 εἰ
498 1811 604 1848 κατὰ
617 1810 743 1860 νόμους
753 1808 896 1861 Περσῶν
909 1806 981 1860 ἕξει
993 1808 1159 1861 ’γυναῖκα
1171 1807 1303 1859 αὐτὴν,

42 1866 146 1902 κατὰ,
155 1864 220 1903 τὴν
232 1862 364 1915 ἄκραν,
375 1863 536 1913 μηθενὸς
548 1869 810 1914 φυλάσσοντος
831 1862 883 1901 δι’
901 1862 1122 1914 ὀχυρότητα
1137 1863 1204 1902 τοῦ
1218 1879 1302 1916 χω.

42 1917 111 1970 ρίου
120 1947 132 1966 ,
143 1916 400 1970 εἰσὲέχεσῧοιι
414 1917 501 1956 τοὺς
512 1918 723 1967 πολεμίους.
735 1917 829 1956 Ideo
841 1929 954 1968 gazae
967 1917 1090 1968 regiae
1105 1916 1304 1957 thesauris·

95 1984 116 2012 e
136 1970 385 2011 custodiendis
407 1971 690 2010 munimentum
711 1969 1090 2023 opportuniffimum:
1118 1970 1303 2023 Polyaen.

40 1984 111 2072 ἰῐῧ,
121 2037 155 2064 c.
170 2038 209 2076 9,
222 2024 238 2074 §
252 2039 293 2073 4:
306 2026 487 2064 Σέλευκος
497 2024 561 2064 τὴν
572 2025 742 2076 Σειρέέων
754 2023 871 2076 ἄκρων
883 2023 999 2063 {mesu
1013 2023 1083 2076 (ita
1097 2024 1302 2077 legendum

42 2078 168 2118 iudico
182 2091 254 2131 pro
277 2077 437 2131 ἐπόρθει)
452 2077 536 2118 τοὺς
557 2078 592 2117 ἑν
608 2076 705 2129 αὐτῇ
724 2081 929 2130 θησαυρους
943 2077 1127 2116 Θεοὲὁτου
1147 2082 1302 2128 φυλάσ-

43 2145 179 2172 comos·
194 2130 323 2171 τοῦτον
338 2131 657 2184 ὃησοιυροφύλσικοι
674 2132 902 2184 Λυσίμαχος
916 2132 1041 2183 ε’τοιξε*
1059 2132 1112 2181 μὴ
1131 2131 1302 2183 suffime-

41 2199 96 2225 νος
106 2184 171 2225 τὴν
183 2185 302 2238 ἄκραν
314 2185 453 2238 ἐχυρὰν
464 2181 581 2225 οὖα-ειν
600 2185 703 2225 ἑλεῖν.
719 2186 856 2239 Neque
873 2185 982 2224 aliam
996 2185 1049 2223 ob
1065 2198 1143 2223 rem
1159 2188 1302 2239 captivi

41 2239 183 2279 nobiles
191 2251 241 2278 eo
252 2238 403 2287 detrusi,
414 2251 458 2278 ut
469 2239 654 2279 evadendi
663 2239 746 2293 spes
756 2240 882 2280 omnis
894 2240 1172 2290 praecideretur
1184 2255 1192 2278 :
1207 2254 1300 2280 eun-

42 2291 124 2332 dem
136 2293 222 2331 vide
235 2293 317 2338 VI,
331 2305 364 2332 c.
379 2307 442 2345 49.
457 2293 539 2332 Arx
550 2304 678 2332 autem
693 2294 777 2332 urbi
790 2294 1062 2345 adiungebatur
1074 2306 1141 2345 per
1154 2294 1298 2346 Hpiuvx,

43 2345 201 2412 (nomen
216 2359 238 2385 a
251 2346 398 2399 figurae
411 2346 650 2386 similitudine
661 2347 828 2387 sumtum
842 2346 1024 2398 autumo)
1039 2348 1146 2385 cuius
1161 2347 1297 2399 τεῖχος

42 2400 361 2452 αῳυλαικτοὺμενον
374 2413 463 2439 cum
486 2401 655 2453 Lagoras
677 2400 866 2440 Cretensis
886 2399 1141 2446 observasset,
1157 2400 1301 2440 sollerti

41 2453 199 2492 consilio
212 2454 314 2492 viam
329 2456 604 2507 expugnandae
617 2454 701 2507 post
713 2455 932 2494 diuturnam
946 2453 1182 2492 obsidionem
1195 2456 1298 2494 urbis

43 2506 200 2546 invenit:
223 2506 416 2547 historiam
434 2519 560 2548 narrat
573 2508 710 2560 Polyb.
725 2509 822 2556 Vll,
838 2521 921 2561 pag.
936 2521 1011 2559 705
1024 2538 1036 2553 ,
1050 2509 1296 2561 meminitque

127 2561 270 2602 Lucian.
304 2565 338 2601 V
337 2563 383 2601 ol.
410 2562 485 2603 ΙΙΙ.
985 2561 1016 2601 Β
1031 2561 1056 2599 b
