2015 3490
631 269 720 330 566
825 264 1694 313 ANNOTATtoN-ES

628 351 727 391 ratio
741 349 808 398 est,
822 351 926 403 quod
940 350 1108 390 Romani
1123 351 1259 390 divites
1271 351 1566 392 &luxuriantes
1581 365 1723 407 pueros
1735 353 1898 407 pulchri-

627 404 758 444 tudine
781 406 822 445 &
843 406 1020 457 corporis
1040 404 1200 444 mollitie
1220 404 1380 457 infignes
1398 406 1576 446 triinulos
1596 406 1658 446 vel
1679 408 1899 460 quadrimos

627 470 726 497 auro
741 457 782 497 &
798 459 956 510 gemmis
975 469 1136 498 ornatos
1155 457 1345 498 habebant
1361 459 1400 497 in
1413 459 1577 506 deliciis,
1589 459 1712 513 qualis
1732 471 1813 500 erat
1835 462 1896 504 ille

627 510 970 551 Philocommodus
983 512 1033 550 im
1039 512 1205 566 peratgri
1220 511 1444 552 Commodo
1457 525 1649 565 percarus,
1662 514 1711 553 de
1719 527 1803 567 quo
1815 516 1898 555 He·
1917 517 1936 531 ”

627 565 811 604 rodianus
826 566 864 604 in
877 564 1120 605 Commodo:
1140 566 1176 605 ἦν
1194 563 1239 603 st
1253 565 1407 605 ποιιέίον
1421 566 1526 605 πάνυ
1539 566 1679 613 νήπιον,
1689 567 1827 607 τούτων
1843 568 1894 610 sb

620 617 702 657 ’τῶν
717 617 868 672 ’γυμνῶν
884 620 950 665 μὲν
964 617 1134 664 ἐσθῆτος,
1147 617 1282 670 χρυσῷ
1294 617 1338 658 ἒὲ
1352 619 1416 658 καὶ
1430 618 1538 660 λίθοις
1551 621 1774 670 πολυτίμοις
1790 635 1894 661 κεκο-

630 672 838 721 σμημένων,
859 667 910 710 οἷς
923 672 982 711 ἀεὶ
994 671 1191 725 χαίρουσιν
1203 671 1384 720 Ῥωμαίων
1399 671 1428 712 oi
1444 672 1663 724 τρυφῶντες.
1678 677 1772 713 Erat
1782 686 1894 718 autem

624 725 791 775 puerulus
801 727 899 764 valde
903 727 1050 777 simplex
1066 741 1109 764 ex
1121 725 1178 772 iis,
1193 725 1253 777 qui
1265 726 1348 764 nudi
1350 728 1425 776 fine
1442 728 1526 779 veste
1538 741 1622 765 auro
1639 727 1675 765 δ’
1690 729 1827 780 gemmis
1839 744 1894 768 or-

626 780 721 827 nati,
746 779 864 830 quibus
883 780 1082 818 delectantur
1097 779 1245 817 Romani
1257 779 1356 818 luxui
1371 780 1482 818 dediti.
1498 778 1562 819 De
1577 779 1702 820 iisdem
1718 781 1897 834 loquitur

625 830 712 871 Dio
733 832 880 872 Caffius
893 832 954 870 lib.
978 832 1027 880 48
1042 846 1050 871 :
1068 830 1220 872 m1siov
1240 846 1279 873 τι
1299 831 1372 871 τῶν
1393 831 1546 884 ,ψιθύρων
1566 829 1629 873 οἷοι
1647 834 1689 873 αἱ
1709 835 1894 887 ’γυναῖκες-

627 888 760 939 γυμνὺ,
772 916 783 932 ,
805 882 851 926 ὡς
863 885 992 925 πλήθει
1010 885 1193 937 &Bupalo-ou
1205 887 1388 937 τρέφουσι.
1411 886 1531 938 Quae
1543 885 1593 927 fic
1609 887 1726 927 vertit
1738 888 1892 939 Xyla‘n,

626 940 710 978 der:
731 940 866 989 puellus
889 940 1021 992 quidam
1032 970 1044 986 ‚
1062 939 1178 992 quales
1194 939 1392 990 garrulitate
1410 941 1571 979 amabiles
1592 952 1763 981 matronae
1779 945 1892 984 nudos

624 994 851 1033 delcelationis
865 993 970 1044 causa
989 995 1072 1032 alere
1081 993 1203 1043 fhlent.
1217 993 1299 1032 Nec
1319 993 1534 1041 obiiciatur,
1551 995 1677 1046 pueris
1698 1008 1778 1034 non
1796 1009 1890 1036 con.

626 1049 761 1086 venire
779 1060 919 1086 vocem
934 1044 1115 1086 ἔλκεσῦαι
1133 1045 1175 1085 &
1190 1045 1300 1096 κλοιῷ
1313 1046 1478 1086 hoium·
1493 1060 1576 1087 vox
1592 1044 1779 1088 ἕλκεο-3ου
1795 1052 1893 1103 opti-

625 1113 688 1140 me
702 1102 886 1140 convenit
902 1101 992 1140 voci
1005 1101 1192 1153 story-yid,
1205 1113 1287 1140 vox
1303 1102 1485 1151 φέρεσθαι
1498 1113 1598 1140 vero
1612 1103 1783 1154 apprime
1797 1117 1892 1144 con-

625 1156 737 1193 venit
751 1156 839 1194 voci
855 1155 1012 1204 κοράσιοι
1032 1156 1073 1194 &
1088 1155 1187 1202 aliis,
1202 1166 1300 1206 quae
1321 1154 1491 1206 puellum
1511 1153 1731 1207 significant.
1752 1156 1892 1200 Simiae

623 1208 804 1247 trahuntu
811 1222 842 1254 r,
854 1209 961 1260 pueri
977 1220 1179 1260 portantur
1193 1221 1201 1246 :
1219 1211 1338 1246 κλοιος
1351 1207 1477 1247 simiae
1493 1209 1619 1255 datur,
1636 1220 1680 1248 ut
1691 1210 1863 1250 trahatur
1877 1225 1887 1251 ε

625 1275 764 1314 puero,
778 1274 818 1301 ut
834 1274 1007 1301 ornetur.
1024 1261 1114 1307 Ideo
1129 1263 1165 1300 in
1178 1261 1306 1301 nostra
1319 1261 1631 1314 interpretatione
1644 1263 1748 1302 nulla
1761 1263 1815 1304 est
1824 1265 1890 1304 ab·

621 1314 792 1355 surditas.
805 1315 937 1354 PALM.
954 1315 1070 1367 Quae
1081 1316 1275 1355 notaverit
1288 1316 1335 1354 ad
1347 1315 1440 1355 haec
1453 1316 1571 1356 verba
1584 1317 1846 1358 eruditiflimus
1855 1319 1887 1363 Ι,

621 1368 838 1410 Bochartus
857 1369 1108 1421 descriptione
1130 1370 1239 1421 digna
1263 1369 1539 1409 iudicavimus.·
1553 1371 1802 1411 Verbotenus
1818 1373 1887 1412 ita-

621 1436 699 1474 que
713 1422 788 1475 ipse
801 1424 846 1462 de
861 1423 1103 1462 Animalibus
1114 1422 1207 1462 sacr.
1221 1421 1345 1475 script.
1358 1423 1419 1462 lib.
1439 1438 1473 1473 5,
1485 1437 1516 1463 c.
1529 1438 1570 1473 7,
1582 1423 1679 1463 Part.
1694 1424 1743 1472 11,
1785 1455 1794 1465 .
1806 1439 1882 1487 70}

621 1477 677 1515 ed.
694 1477 814 1516 Lond.
827 1477 977 1516 Locum
992 1477 1094 1515 hunc
1105 1476 1274 1529 quisquis
1287 1488 1430 1516 attente
1442 1478 1588 1529 legerit,
1603 1478 1742 1518 mendo
1760 1493 1824 1518 um
1835 1484 1887 1519 es·

618 1529 658 1568 se
677 1529 854 1570 fatebitur
874 1532 913 1569 in
928 1543 1027 1570 voce
1042 1530 1216 1581 κουρὲιλιοι
1228 1561 1239 1578 ,
1254 1543 1341 1569 cum
1358 1543 1404 1570 ea
1417 1544 1498 1570 vox
1513 1532 1559 1570 ad
1572 1544 1652 1570 rem
1667 1544 1746 1571 non
1760 1531 1885 1575 faciat.

618 1583 667 1622 In
677 1585 852 1624 oratione
863 1584 935 1626 hac
946 1585 1088 1624 aulicae
1098 1585 1200 1624 vitae
1212 1583 1398 1624 molestias
1409 1584 1588 1637 graphice
1598 1585 1833 1638 depinxerat,
1844 1587 1885 1627 δι

617 1651 733 1689 quam
744 1638 788 1677 fit
801 1639 994 1691 indignum
1008 1637 1124 1677 do&o
1134 1637 1290 1677 homine
1302 1638 1342 1676 &
1353 1639 1555 1678 liberaliter
1567 1638 1751 1686 instituto,
1761 1642 1887 1682 tenuis

615 1690 742 1730 lucelli
764 1692 827 1743 spe
847 1692 1012 1732 illectum
1027 1721 1038 1739 ‚
1056 1692 1296 1744 magnatibus
1309 1704 1466 1744 operam
1489 1692 1593 1733 suam
1617 1693 1795 1734 addicere.
1805 1695 1891 1735 Ta·-⁴

616 1758 706 1788 men
719 1746 815 1784 idem
839 1746 910 1785 iam
930 1744 1056 1785 senior
1070 1746 1107 1784 in
1122 1744 1294 1785 Caesaris
1315 1746 1439 1785 aulam
1458 1745 1494 1785 se
1513 1746 1739 1786 contulerat.
1754 1746 1884 1800 Quod

614 1798 666 1836 illi
683 1800 868 1839 obiiciens
889 1799 1049 1839 Sabinus
1065 1799 1217 1851 quidam
1233 1800 1340 1852 petit,
1355 1811 1452 1852 quot
1468 1800 1610 1846 Midae,
1623 1812 1722 1853 quot
1730 1801 1882 1853 Croefi,

613 1865 711 1903 quot
726 1853 866 1892 Pactoli
882 1853 931 1892 illi
944 1852 1192 1904 persuaserint
1202 1884 1213 1901 ,
1227 1864 1270 1893 ut
1289 1866 1376 1902 cara
1388 1853 1452 1893 illa
1464 1854 1634 1894 libertate
1647 1885 1658 1903 ‚
1678 1855 1739 1899 cui
1752 1868 1773 1895 a
1785 1853 1882 1908 pue-J

613 1907 667 1945 ris
682 1906 908 1952 assueverat,
923 1905 1154 1955 abdicata‚se
1168 1906 1246 1946 huc
1256 1906 1344 1946 illuc
1359 1908 1581 1947 trahendum
1596 1921 1639 1947 ac
1653 1910 1880 1961 raptandum

612 1961 812 2011 praeberet
823 1992 832 2005 ‚
847 1960 1016 2010 καθάπερ
1029 1960 1103 2000 &c.
1117 1960 1215 2011 Acsi
1224 1961 1344 2000 collum
1356 1962 1532 2001 revinctum
1543 1963 1677 2001 haberet
1687 1978 1787 2002 aureo
1796 1979 1879 2018 quo.

610 2016 689 2052 dam
703 2016 839 2061 collari,
855 2015 970 2068 qualia
976 2015 1063 2066 sunt
1073 2016 1290 2054 delicatorum
1304 2015 1446 2054 divitum
1458 2016 1598 2055 monilia
1610 2016 1645 2054 6’
1660 2017 1800 2056 corallia
1813 2017 1891 2071 (id,

609 2070 654 2120 est
664 2098 674 2112 ‚
691 2070 830 2108 monilia
844 2085 860 2107 e
870 2069 1010 2108 corallio
1013 2068 1111 2120 sabla
1123 2068 1141 2120 )
1159 2069 1209 2107 ita
1223 2069 1379 2108 reddidit
1392 2069 1439 2108 cl.
1451 2070 1615 2120 Botius3
1630 2069 1690 2108 sed
1707 2071 1815 2123 quod
1830 2072 1876 2111 il-.

606 2121 683 2161 lius
703 2136 797 2174 pace
811 2123 965 2163 dixero,
983 2121 1217 2175 ineptiffime.
1240 2122 1367 2162 Primo
1388 2124 1491 2161 enim
1515 2125 1568 2162 τὰ
1591 2124 1766 2176 σφιγγία.
1788 2123 1875 2169 sunt

598 2175 782 2228 sphinges,
804 2192 872 2216 non
891 2177 1041 2216 monilia.
1068 2191 1101 2215 2.
1126 2176 1173 2216 Et
1192 2177 1257 2215 vel
1275 2175 1303 2214 fi
1321 2176 1482 2216 monilia
1504 2178 1656 2224 reddas,
1672 2188 1799 2217 tamen
1819 2181 1874 2219 τὰ,

604 2232 777 2282 σφιγγία
793 2231 856 2269 καὶ
870 2233 922 2269 τὰ
935 2231 1116 2282 κουράλιοι
1129 2242 1208 2270 non
1223 2242 1334 2269 erunt
1350 2232 1488 2269 monilia
1499 2247 1542 2269 ex
1556 2231 1709 2277 corallio,
1723 2230 1782 2271 sed
1797 2243 1872 2273 mo·

604 2284 688 2322 nilia
702 2285 736 2322 6³
753 2285 905 2324 corallia.
923 2297 954 2334 3.
974 2283 1125 2325 Praeter
1140 2282 1225 2322 τοὺς
1244 2286 1444 2323 πλουσίους
1465 2278 1594 2324 divite-5¹
1606 2286 1702 2323 inter
1720 2285 1871 2326 Roma-

604 2338 743 2384 nos,de
757 2339 895 2388 quibus
906 2338 966 2377 hic
981 2338 1118 2390 agitur,
1130 2339 1223 2377 olim
1237 2337 1405 2376 habuiffe
1419 2339 1574 2377 monilia
1587 2338 1782 2386 corallina,
1796 2353 1871 2381 me-

601 2404 686 2430 rum
703 2390 890 2431 somnium
903 2391 976 2439 est,
989 2405 1076 2433 cum
1089 2404 1135 2431 ne
1151 2391 1307 2430 monilia
1320 2392 1473 2444 quidem
1488 2392 1700 2432 habuerint.
1720 2394 1872 2438 Monile

600 2445 701 2485 enim
717 2446 904 2485 muliebre
923 2445 994 2485 fuit
1009 2457 1300 2491 ornamentum,
1321 2457 1363 2483 ut
1379 2457 1484 2485 notat
1497 2446 1655 2485 Servius
1673 2446 1710 2484 in
1726 2446 1869 2491 librum

598 2497 799 2550 septimum
823 2500 1027 2539 Aeneidos.
1053 2515 1088 2548 4.
1113 2498 1294 2551 Denique
1315 2499 1504 2539 Lucianus
1526 2501 1651 2551 inepte
1677 2500 1866 2548 diceretur

597 2565 718 2599 aureo
730 2553 861 2599 collari
873 2552 946 2594 effe
967 2552 1162 2594 revind'tus
1173 2584 1184 2603 ,
1203 2552 1330 2613 qualia
1348 2552 1433 2599 suut
1446 2553 1611 2601 divitum
1625 2554 1780 2601 monilia
1794 2567 1863 2606 90:
