2015 3490
697 273 786 321 5„
884 221 1761 298 ANNoTATIONEs

691 340 993 383 Bourdelotiana
1003 339 1152 393 legatur
1160 336 1292 391 Σῆρας,
1301 350 1401 391 quae
1410 337 1526 378 lefflo
1536 336 1790 377 confirmatur
1803 349 1826 377 a
1835 337 1956 379 Scho-

690 395 804 435 liasta.
825 393 950 434 CLER.

746 449 826 487 ibid.
840 449 864 486 l.
878 446 914 486 8.
929 444 998 487 Τὴν
1006 443 1189 498 μέταξιν)
1202 446 1269 484 Τδν
1278 442 1452 496 μέταξιν.
1463 443 1559 483 Exc.
1575 443 1625 483 G.
1636 442 1704 483 Τὺν
1711 443 1958 495 μέταξαν.(.ἶ.’

694 501 868 543 Absurde
880 510 1006 539 autem
1021 499 1081 538 hic
1097 500 1143 538 ad
1157 511 1308 538 vermes
1322 496 1453 549 respici
1466 497 1550 536 vult
1562 495 1780 537 Scholiasta.
1794 497 1957 538 SOLAN.

751 557 839 607 Pag.
853 567 939 606 203.
957 555 982 592 l.
992 567 1030 603 7.
1042 554 1099 590 Τα
1110 551 1330 604 Ἐλευσίνια)
1353 550 1505 591 Cereris
1530 549 1642 590 sacra.
1666 549 1807 590 BROD.
1831 549 1954 604 Ἑορτὴ

695 609 797 662 apud
811 605 1058 646 Athenienses
1071 603 1089 645 ἦ
1104 605 1370 655 ἐπιτελουμένη
1391 604 1559 655 Any-nvp}
1577 603 1642 642 καὶ
1659 604 1874 656 Περσεφόνῃ,
1888 606 1920 645 ἐν
1934 601 1961 655 ᾖ

695 662 859 714 ἐγένοντο
871 660 1014 700 ἀνόητα
1028 674 1112 698 τινα
1123 656 1323 708 μυστήρια.
1352 657 1416 696 De
1428 657 1639 704 Eleusiniis,
1648 656 1784 710 Scalig.
1795 658 1840 696 ad
1855 657 1917 697 lib.
1929 671 1958 707 4

696 714 854 762 Tibulli,
866 713 907 753 &
921 711 1074 765 copiose
1086 712 1175 751 dico
1194 711 1289 750 alibi.
1312 711 1485 750 BOURD.

750 769 808 807 Pa
833 797 842 806 .
856 781 944 816 204.
958 768 982 805 l.
996 780 1033 816 7.
1060 767 1170 818 Παρὰ
1182 768 1242 804 τὀν
1254 763 1348 817 βίον)
1372 764 1432 803 Sic
1448 764 1611 803 omnino
1632 761 1854 815 legendum,
1874 776 1957 804 non

697 823 791 873 περὶ.
824 834 847 860 n
858 820 937 860 Ox.
952 819 1043 871 παρὶ
1060 817 1248 858 mendose.
1270 818 1312 856 ln
1323 816 1508 869 impreffis
1520 817 1610 868 περί.
1628 816 1787 856 SOLAN.
1807 816 1959 858 Omnes

697 876 779 916 edd.
795 875 853 915 hic
866 871 1144 925 habebantrsrepi
1156 875 1216 911 ‘fou
1231 870 1323 919 βίον,
1340 871 1402 910 sed
1417 871 1476 909 hic
1490 870 1608 923 magis
1620 869 1821 911 neceffaria
1835 881 1960 911 muta-

699 930 756 970 tio
771 927 836 967 τοῦ
847 928 930 980 περὶ
946 927 983 966 in
994 927 1121 977 παρὰ,
1143 925 1228 964 licet
1247 925 1386 964 minori
1398 923 1520 964 Codd.
1533 936 1697 964 numero
1710 923 1803 964 fulta
1814 955 1827 974 ,
1837 937 1957 977 quam

698 982 810 1036 supra
821 981 960 1021 Reviv.
975 993 1006 1020 c.
1022 993 1067 1032 25
1083 991 1141 1032 pr.
1153 979 1245 1031 quia
1257 978 1309 1017 ibi
1323 979 1466 1032 exponi
1480 976 1619 1031 poffet,
1632 978 1718 1016 circa
1730 1008 1742 1026 ‚
1756 977 1820 1018 hic
1833 979 1960 1019 minus

699 1036 903 1077 commode
914 1050 926 1083 3
939 1047 1026 1074 cum
1038 1033 1150 1086 igitur
1163 1032 1236 1072 illic
1248 1031 1337 1070 nihil
1350 1032 1597 1077 mutaverim,
1612 1032 1672 1070 hic
1685 1042 1810 1070 tamen
1825 1031 1961 1085 vulga-

700 1100 777 1129 tam
800 1089 962 1128 retinere
979 1099 1056 1126 non
1069 1086 1195 1139 potui:
1209 1085 1295 1126 licet
1306 1115 1320 1132 ,
1335 1087 1443 1138 παρὰ
1455 1096 1622 1137 utroque
1642 1085 1733 1124 loco
1746 1085 1958 1126 Lucianum

701 1142 853 1189 dedisse,
861 1141 949 1181 mihi
963 1139 1334 1194 persuadeam.Haec
1341 1139 1441 1179 enim
1455 1138 1688 1192 praepositio
1724 1151 1766 1178 er
1777 1151 1962 1191 compen.

701 1197 807 1237 dium
823 1196 928 1236 scribi
942 1195 1049 1235 solita
1063 1193 1172 1247 saepe
1184 1192 1432 1233 confunditur
1443 1193 1480 1231 in
1493 1192 1628 1233 M112&
1638 1192 1684 1232 ed
1711 1222 1719 1231 .
1731 1193 1810 1232 anti
1839 1205 1876 1245 q.
1886 1193 1960 1233 Sed

701 1253 812 1304 παρὰ
821 1263 958 1290 verum
971 1247 1045 1288 effe
1053 1277 1065 1294 ,
1078 1259 1195 1287 nemo
1203 1246 1442 1286 dubitaverit.
1459 1247 1493 1286 N
1498 1246 1598 1286 oster
1609 1246 1683 1285 hoc
1694 1245 1796 1285 Dial.
1845 1257 1905 1286 ata
1934 1246 1962 1287 1.

702 1317 738 1345 c.
752 1318 778 1356 9
801 1304 939 1344 iterum
952 1302 1064 1342 habet
1074 1302 1181 1353 παρὰ
1193 1302 1256 1341 τὶν
1268 1300 1356 1346 βίον,
1367 1300 1407 1340 δι
1420 1312 1499 1340 non
1516 1299 1629 1340 semel
1640 1299 1737 1339 alibi.
1748 1299 1833 1340 Ael.
1845 1300 1896 1339 V.
1948 1327 1962 1340 .

702 1357 758 1398 IV
766 1388 779 1404 ,
795 1372 810 1396 1
819 1387 828 1403 ,
841 1358 950 1408 παρὰ
961 1355 1092 1395 πάντα
1103 1357 1166 1395 τὴν
1179 1352 1317 1394 ἑαυτῶν
1327 1354 1412 1400 βίον.
1425 1353 1527 1393 ldem
1540 1354 1609 1402 Xl,
1618 1367 1642 1407 9
1653 1367 1708 1406 pr.
1716 1351 1832 1394 Conf.
1845 1352 1962 1394 Periz.

703 1412 751 1451 ad
763 1411 847 1451 Ael.
864 1411 976 1456 XIV,
993 1422 1056 1456 10,
1067 1408 1135 1462 qui
1149 1409 1258 1460 παρὰ
1270 1407 1335 1448 τὴν
1351 1408 1582 1461 στρατηγίαν
1595 1407 1720 1456 edidit,
1733 1407 1826 1460 quia
1843 1405 1961 1446 usita-

703 1466 792 1512 tius,
802 1479 889 1505 cum
902 1463 1024 1504 Codd.
1037 1463 1133 1502 inter
1143 1463 1249 1514 παρὰ
1265 1461 1305 1500 &
1319 1462 1400 1514 περὶ
1415 1462 1616 1501 variarent.
1630 1460 1746 1501 Conf.
1758 1473 1851 1501 mox
1863 1473 1895 1501 c.
1910 1475 1970 1510 24.
1993 1468 1995 1471 ’

704 1520 821 1558 huius
831 1519 932 1558 Dial.
945 1517 1101 1557 Lucian.
1115 1516 1181 1556 ubi
1196 1514 1298 1555 refie-
1314 1514 1441 1555 rursus
1459 1517 1567 1568 παρὰ,
1579 1518 1639 1554 τὴν
1655 1515 1728 1560 βίον
1743 1514 1961 1555 constanter

706 1574 749 1613 δι
761 1572 861 1612 recle
875 1572 1026 1625 legitur,
1045 1570 1085 1610 δι
1100 1569 1208 1622 saepe
1219 1569 1328 1618 alibi,
1345 1582 1511 1622 cumque
1523 1569 1628 1609 ibide
1637 1569 1768 1609 eadem
1778 1581 1820 1608 re
1836 1567 1964 1609 sermo

704 1625 765 1673 fit,
778 1637 888 1666 tanto
904 1626 1028 1664 minus
1039 1623 1213 1663 dubitavi
1224 1625 1268 1662 τὸ
1279 1624 1361 1675 περὶ
1377 1636 1464 1663 cum
1480 1623 1624 1663 Solano
1641 1623 1789 1662 eiicere.
1810 1621 1959 1662 Rmz.

761 1681 849 1733 Pag.
862 1693 911 1718 20
919 1694 934 1730 5
942 1710 949 1717 .
958 1679 978 1716 l.
993 1693 1026 1717 2.
1039 1677 1129 1716 Ἀπὸ
1140 1676 1212 1716 τῶν
1225 1676 1474 1731 στιγμάτων)
1489 1678 1577 1717 Hoc
1585 1689 1633 1717 ex
1643 1675 1799 1717 Platone
1811 1676 1848 1715 in
1859 1676 1963 1717 Gor-

706 1733 768 1787 gia
782 1744 868 1772 ante
880 1732 1123 1772 differuimus.
1141 1731 1278 1769 BROD.

760 1790 832 1826 ead.
843 1788 865 1826 l.
877 1787 913 1825 6.
927 1786 1148 1838 Στίγματα
1159 1784 1221 1823 ἐπὶ
1233 1782 1297 1823 τῆς
1309 1781 1464 1836 ψυχῆς)
1478 1783 1622 1823 Eorum
1639 1783 1793 1830 animis,
1807 1783 1872 1837 qui
1886 1796 1965 1823 ma-

705 1841 788 1894 gnis
799 1840 835 1880 se
846 1839 1093 1885 facinoribus,
1106 1838 1197 1877 dum
1210 1838 1328 1877 vitam
1341 1848 1508 1890 agerent,
1521 1837 1823 1885 obstrinxerunt,
1837 1850 1965 1878 macu-

705 1895 760 1934 las
770 1893 908 1934 inustas
919 1893 973 1933 eff
971 1906 992 1933 e
1005 1893 1131 1938 docet,
1140 1891 1334 1931 Platonem
1346 1892 1557 1944 ridens,qui
1569 1891 1618 1931 s1c
1631 1892 1670 1930 in
1680 1891 1829 1944 Gorgia
1839 1891 1967 1944 loqui-

705 1960 787 1989 tur:
801 1949 918 1986 Ἀλλὰ
927 1946 1116 1986 πολλάκις
1124 1944 1191 1984 τοῦ
1199 1945 1373 1999 μεγάλου
1385 1946 1571 1991 βασιλέως
1579 1945 1887 1995 ἑπιλαβόμενος,ἦ
1898 1945 1966 1985 αλ-

705 2013 775 2042 λου
795 1998 946 2041 ὃποτοῦν
965 2000 1147 2046 βασιλέως
1165 2000 1182 2039 ii
1202 1998 1390 2039 δυνάστου
1407 1998 1585 2039 κατεῖὸεν
1600 1996 1704 2039 οὐθὲν
1720 1997 1823 2053 ὑγιὲς
1842 1998 1878 2038 ὂν
1898 1997 1966 2040 τοῖς

706 2053 859 2108 ψυχῆς,
881 2055 991 2092 ἀλλὰ
1010 2053 1375 2106 ἓιαμαστιγωμένην
1387 2052 1450 2092 καὶ
1466 2050 1577 2092 οὐλῶν
1593 2053 1734 2103 μεστὴν
1751 2051 1825 2091 ὀπὶ
1839 2052 1968 2105 ἀπωρ-

705 2109 794 2148 κιῶν
805 2108 868 2147 καὶ
882 2107 1048 2148 &siniam
1057 2107 1148 2146 Hoc
1157 2107 1280 2159 attigit
1290 2106 1330 2145 L.
1343 2121 1364 2145 2
1376 2107 1411 2145 in
1424 2106 1515 2146 Rus.
1524 2105 1719 2147 Claudiam.
1733 2107 1969 2158 Quiddemens

706 2163 879 2216 manifesta
897 2163 1028 2215 negas?
1054 2164 1114 2200 En
1133 2163 1246 2213 peHus
1263 2161 1388 2213 inustae
1407 2159 1615 2212 Deformant
1633 2161 1795 2200 maculae.
1814 2159 1963 2201 Com«.

703 2216 817 2256 Plura
828 2215 958 2254 fimilia
969 2227 1016 2254 ex
1024 2214 1249 2268 Theophyl.
1259 2213 1428 2253 Philostr.
1441 2216 1482 2254 &
1491 2213 1694 2254 Plutarcho
1705 2212 1815 2253 affert
1824 2213 1968 2255 Elsner.

704 2271 753 2309 ad
772 2270 788 2309 1
809 2269 982 2309 Timoth.
1001 2268 1123 2316 1v‚2‚
1135 2281 1171 2321 p.
1194 2267 1280 2321 298.
1302 2267 1398 2316 Cui,
1418 2279 1604 2321 quantum
1621 2267 1667 2307 ad
1687 2267 1861 2320 exempla
1876 2280 1969 2320 pro-

704 2322 888 2363 fanorum
902 2322 1120 2367 auciorum,
1133 2320 1242 2361 facile
1252 2320 1447 2361 assentior:
1467 2334 1559 2360 num
1571 2334 1667 2360 vero
1675 2321 1793 2361 verba
1803 2320 1968 2374 Aposto-

705 2377 732 2416 li
752 2379 1122 2429 κεκαυτηριασμένων
1134 2375 1200 2414 τὴν
1215 2375 1312 2414 ἰδίαν
1324 2374 1547 2422 cunisam,
1558 2377 1694 2414 eodem
1707 2375 1826 2414 modo
1835 2374 1968 2414 intelli·

705 2432 827 2483 genda
840 2430 1038 2481 smt,quod
1056 2430 1194 2468 multas
1214 2440 1457 2480 peccatorum
1470 2442 1570 2467 notas
1589 2441 1634 2469 ac
1640 2430 1801 2482 stigmata
1815 2428 1852 2467 in
1870 2441 1967 2468 con-

704 2485 857 2523 scientia
868 2495 1013 2537 gerant,
1025 2483 1192 2522 nondum
1206 2483 1289 2521 inde
1300 2481 1472 2522 constare
1482 2493 1625 2535 putem.
1637 2483 1783 2522 Verum
1793 2495 1880 2521 cum
1896 2482 1967 2521 du.

702 2539 793 2593 plex
804 2538 1067 2580 cauteriorum
1079 2536 1171 2577 usus
1185 2536 1242 2585 fit,
1262 2549 1399 2590 nempe
1411 2536 1456 2577 ad
1467 2535 1721 2578 charaaerem
1736 2535 1816 2579 sive
1829 2545 1965 2577 notam
