2015 3490
602 265 695 311 472
795 214 1676 298 ANNO'TATroNEs'

603 355 661 378 cos
675 339 716 376 A
732 338 804 376 RE
807 338 840 376 B
848 340 916 377 US
935 338 957 376 I
957 339 998 376 N
1000 338 1063 377 CE
1066 340 1100 377 R
1108 341 1140 378 T
1138 339 1185 377 IS
1197 338 1410 391 affinfionem
1423 339 1612 391 cohibuiffi:
1625 339 1784 380 Fulvius
1797 340 1878 381 Ur-

604 391 710 430 smus
724 404 744 429 a
758 392 828 430 Ms.
844 391 912 431 suo
927 392 1021 431 haec
1036 392 1155 431 verba
1169 391 1294 432 abesse
1306 393 1359 431 ait
1369 422 1383 439 ,
1396 393 1536 443 causam
1545 388 1758 447 principium.
1773 394 1871 433 Om-

602 445 716 484 nibus
728 457 826 495 aqua
847 446 985 484 haeret.
1008 445 1094 497 Ego
1111 444 1162 486 fic
1181 446 1365 486 emendo:
1380 447 1507 499 caffam
1520 447 1712 500 principum
1723 443 1874 498 philososs

597 499 702 551 phiae
722 498 785 550 effe
800 498 988 549 scientiam.
1003 500 1184 545 Norunt,
1197 500 1266 551 qui
1283 498 1486 539 Ciceronis
1499 513 1616 553 opera
1634 499 1870 553 philosophi-

604 564 648 590 ca
663 552 853 603 legerunt,
867 551 988 591 solere
1006 565 1096 591 eum
1110 551 1360 606 philosophos
1371 552 1538 593 celebres
1548 554 1737 606 principum
1750 555 1875 592 nomi-

602 618 652 644 ne
665 605 862 657 insignire:
882 604 1107 657 exstantque
1127 605 1225 645 illius
1241 606 1294 645 rei
1308 607 1346 644 in
1364 606 1440 646 hoc
1455 606 1537 658 ipso
1555 607 1653 646 libro
1673 607 1847 660 exempla
1860 616 1876 646 :¹

603 671 676 697 nec
693 659 738 697 de
751 671 800 698 eo
822 659 1069 698 laborandum
1090 658 1153 698 est.
1173 659 1227 698 At
1243 659 1391 698 insolita
1405 659 1531 699 forsan
1548 660 1742 700 videbitur
1762 661 1875 700 loeti-

603 713 682 759 tio‚
697 711 947 764 csffizscientia.
962 711 1069 752 Esto:
1093 724 1130 751 at
1150 724 1252 752 certe
1271 714 1324 752 rei
1339 713 1738 753 accommodatiffima.
1761 714 1829 759 Et,
1844 713 1874 753 fi

604 777 783 811 vacaret,
797 779 843 804 ex
859 766 993 805 Plauto
1005 796 1017 812 ‚
1034 766 1177 806 Seneca
1200 767 1239 806 δι
1255 765 1336 819 ipso
1349 766 1540 807 Cicerone
1554 767 1698 819 poffem
1715 780 1795 807 non
1808 767 1875 806 ad-

603 820 763 859 modum
778 819 1023 864 abhorrentia
1043 820 1128 859 loca
1143 818 1328 872 proferre.
1348 820 1504 860 SOLAN.
1521 822 1632 874 Caput
1645 821 1760 860 etiam
1773 821 1876 860 Lati-

605 874 667 912 nis
687 883 764 911 tam
788 874 833 912 de
850 874 1020 925 principe
1039 874 1197 913 alicuius
1217 873 1370 921 Seciae,
1385 886 1500 925 quam
1522 874 1574 914 de
1596 873 1743 913 summa
1759 886 1876 927 atque

605 927 779 980 epitome
797 927 850 966 rei
865 927 934 966 dici
950 958 961 974 ‚
981 926 1082 966 recte
1097 927 1249 979 quidem
1268 927 1356 966 clar.
1377 927 1541 967 Solanus
1560 928 1746 974 affirmat,
1762 929 1876 980 idque

606 981 787 1020 omnibus
808 981 893 1019 satis
905 991 1042 1019 notum
1060 981 1242 1029 arbitror3
1256 994 1393 1020 verum
1408 981 1674 1022 emendatione
1686 981 1750 1020 illa
1762 981 1876 1022 Cice-

605 1035 740 1080 ronis,
759 1048 874 1085 quam
898 1035 1103 1086 proponit,
1121 1035 1209 1072 nihil
1225 1046 1326 1087 opus
1347 1034 1421 1074 effe
1434 1035 1620 1083 arbitror3
1640 1047 1728 1075 cum
1742 1034 1875 1074 Davis.

607 1101 657 1127 ex
672 1087 743 1126 Ms.
761 1087 896 1126 Elienfi
911 1088 1022 1126 nobis
1035 1089 1263 1127 exhibuerit:
1281 1088 1445 1140 Causam,
1458 1089 1546 1141 ides!
1556 1089 1756 1142 principium
1764 1090 1876 1142 philo-

600 1142 764 1194 sophiae,
778 1141 840 1193 effi·
853 1141 1073 1193 inscientiam,
1088 1152 1130 1181 ut
1144 1141 1267 1180 Aldus
1281 1155 1443 1194 quoque
1456 1143 1530 1180 iam
1547 1142 1747 1182 habuerat.
1761 1142 1874 1194 Quia

607 1195 783 1246 inscientia
802 1194 847 1233 fit
866 1195 1042 1234 ποιητικὴ
1064 1195 1171 1233 αὶτίει
1188 1194 1467 1249 philosophiae,
1489 1205 1532 1235 ut
1551 1197 1603 1236 ait
1615 1195 1813 1238 Nemefius
1829 1197 1876 1236 de

608 1259 684 1289 nat.
702 1250 820 1288 Hom.
835 1262 867 1288 c.
882 1261 929 1300 30
944 1279 954 1290 ,
968 1263 1005 1301 p.
1022 1263 1109 1301 230.
1124 1249 1269 1288 ΚΕΗ-Ζ.

661 1304 734 1343 ead.
749 1302 771 1340 l.
789 1316 844 1351 ¹4·
861 1307 920 1341 Τις
936 1298 1056 1354 ὑμᾶς)
1071 1302 1186 1354 Angl.
1200 1305 1248 1342 τί,
1261 1303 1434 1342 BOURD.

663 1358 699 1395 in
711 1357 828 1398 Schol.
843 1358 906 1396 col.
927 1369 958 1394 1.
971 1357 994 1394 l.
1013 1370 1048 1404 4.
1061 1356 1274 1409 Ἀθηναίοις)
1291 1356 1476 1395 Ἀθηναίων
1492 1355 1692 1409 legebatur
1705 1357 1744 1395 in
1764 1357 1876 1410 impr.

607 1406 675 1450 sed¹
685 1424 729 1448 ων
744 1411 780 1448 in
794 1424 844 1449 οις
858 1420 1075 1448 mutaverat
1087 1409 1214 1450 noster
1226 1409 1408 1459 Solanu33
1424 1410 1510 1450 ideo
1523 1411 1574 1451 fic
1587 1410 1694 1458 dedi,
1718 1411 1806 1464 quia
1819 1424 1880 1451 re-

610 1466 670 1506 &e
682 1464 909 1504 emendavit.
922 1464 1070 1503 Rmz.

665 1518 753 1571 Pag.
773 1532 858 1571 131.
875 1521 897 1555 A.
919 1532 950 1556 1.
970 1517 1223 1571 Λωποὸὑτης)
1247 1517 1364 1570 Angl.
1383 1517 1642 1572 τυμβωρύχος.
1657 1518 1739 1557 Has
1752 1530 1875 1557 voces

608 1570 905 1623 interpretantur
921 1571 1080 1617 Pollux,
1100 1571 1268 1623 Hesych.
1286 1570 1388 1610 Suid.
1403 1570 1568 1622 copiose.
1591 1572 1780 1625 interpres
1794 1571 1876 1611 De-

609 1625 885 1665 mofih.L·1ban.
900 1625 993 1677 Arg.
1007 1636 1103 1664 orat.
1122 1637 1257 1664 contra
1272 1626 1445 1664 Midiam.
1458 1626 1632 1665 Bomzn.

664 1681 735 1717 ead.
752 1680 773 1718 l.
788 1693 823 1729 7.
835 1679 888 1718 Ἔν
901 1678 1123 1731 Διονυσίοις)
1135 1680 1205 1718 His
1217 1679 1321 1718 aerae
1333 1679 1444 1717 etiam
1459 1678 1724 1733 Aristophanis
1739 1679 1887 1725 nubes,-

611 1746 706 1785 quas
723 1733 818 1784 ipsas
837 1746 925 1771 cum
946 1733 1130 1785 patienter
1151 1733 1246 1772 adeo
1267 1733 1393 1772 tulerit
1414 1732 1589 1773 Socrates
1609 1763 1619 1778 ,
1644 1733 1709 1773 vel
1732 1731 1882 1772 fortiter

611 1787 741 1839 potius
756 1787 794 1825 ὅ(
814 1799 958 1838 magno
977 1787 1124 1825 animo:
1144 1799 1276 1838 parurn
1290 1790 1472 1825 decorum
1487 1786 1670 1838 personae
1685 1785 1881 1825 illiusser-

612 1841 722 1881 vavit
734 1842 770 1878 in
785 1839 859 1879 hoc
873 1841 1027 1892 dialogo
1041 1840 1246 1888 Lucianus,
1263 1853 1341 1891 quo
1355 1851 1441 1879 toto
1455 1841 1635 1880 nimirum
1650 1840 1881 1893 impotenter

613 1894 727 1932 nimis
745 1893 897 1932 insultat
912 1894 1097 1945 capitibus
1109 1893 1292 1933 sectarum
1303 1923 1316 1940 ,
1332 1895 1441 1932 nimis
1452 1894 1498 1933 de
1512 1893 1547 1934 se
1562 1898 1800 1947 arroganter,
1816 1893 1881 1934 vel

611 1947 850 2000 impudenter
866 1948 994 1998 potius
1007 1958 1300 1987 commemorat.
1314 1947 1443 1988 GEsN.

669 2005 734 2040 ead
767 2004 790 2041 l.
812 1998 1022 2052 12.‘'sso·c·rfg³
1047 2006 1089 2039 ‘rb
1111 2002 1264 2053 χρυσίον
1287 2001 1556 2051 ἀποσπώμενον
1578 2001 1656 2041 τοῖς
1680 1999 1853 2053 κόμμασι
1868 2033 1882 2050 ,

613 2054 868 2106 λαμπρότερον
888 2056 1140 2101 ἀποστίλβει)
1166 2054 1359 2099 Erasmus,
1380 2069 1542 2108 tanquam
1561 2070 1704 2101 aarum,
1719 2071 1792 2095 cum
1804 2059 1893 2094 eru-¹

614 2121 685 2148 tum
705 2110 875 2154 inciditur,
901 2110 1027 2148 clarius
1048 2110 1175 2148 relucet.
1203 2110 1250 2148 Et
1270 2108 1412 2163 quaeso
1426 2140 1437 2157 ‚
1452 2109 1542 2161 quid
1564 2110 1652 2149 hinc
1672 2108 1780 2148 distat
1803 2109 1880 2149 Be·-

614 2163 810 2209 neAERus,
838 2166 1110 2216 quemadmodum
1128 2177 1246 2203 aurum
1260 2194 1273 2209 ‚
1298 2179 1371 2202 cum
1395 2177 1520 2201 erutum
1546 2164 1726 2209 inciditur,
1748 2163 1878 2202 clarius

615 2217 783 2270 rvfiilget?
811 2216 957 2256 Scilicet
983 2218 1057 2256 hoc
1076 2226 1180 2260 erat,
1204 2218 1311 2269 quod
1335 2216 1628 2256 Salmuriensem
1654 2217 1882 2270 interpreta-

615 2271 759 2312 tionem
777 2271 1003 2310 merebatur.
1019 2273 1074 2310 At
1097 2271 1188 2322 quid
1207 2271 1282 2310 hoc
1301 2271 1355 2309 rei
1377 2270 1453 2310 est?
1476 2283 1524 2309 an
1544 2281 1682 2309 autum
1705 2282 1796 2309 tunc
1818 2271 1883 2309 in-

614 2324 734 2366 cisum
756 2325 894 2363 clarius
913 2324 966 2363 est
995 2325 1145 2375 reliquo
1170 2323 1296 2364 auro?
1322 2324 1446 2363 Immo
1471 2325 1560 2376 quid
1584 2325 1704 2376 magis
1728 2323 1880 2363 fatuum

615 2378 694 2422 est?
717 2391 767 2416 an
781 2378 994 2430 periculum
1015 2378 1090 2423 est,
1101 2391 1143 2417 ut
1163 2379 1251 2430 quis
1264 2379 1403 2425 credat,
1416 2390 1556 2417 aurum
1570 2378 1618 2417 ab
1631 2378 1762 2429 aliquo
1783 2379 1881 2417 inci-

612 2432 694 2472 sum
714 2432 758 2473 iri
777 2445 856 2471 non
879 2431 1057 2473 erutum?
1077 2431 1293 2472 Refiiffime
1313 2433 1517 2471 annotavit
1537 2442 1662 2483 pater:
1690 2432 1780 2470 vide
1803 2431 1882 2470 Ca·-

612 2485 826 2529 saubonum
848 2486 893 2525 ad
912 2486 1090 2526 Strabon.
1107 2499 1191 2538 pag.
1206 2487 1270 2538 63,
1284 2486 1329 2524 ad
1345 2486 1409 2524 lib.
1423 2500 1441 2538 3
1457 2498 1468 2532 ;
1485 2486 1647 2524 innuens
1662 2484 1793 2524 locum
1814 2483 1882 2524 sci-

612 2539 718 2589 licet,
733 2539 835 2583 unde
855 2538 1030 2582 discimus
1041 2571 1053 2590 ‚
1068 2539 1221 2594 aliquod
1234 2540 1315 2584 auri
1331 2551 1451 2593 genus
1462 2537 1638 2579 effoffum
1653 2538 1775 2584 solere,
1791 2549 1889 2582 tun--
