<?xml version="1.0" encoding="UTF-8"?>
<!DOCTYPE html PUBLIC "-//W3C//DTD XHTML 1.0 Transitional//EN"
    "http://www.w3.org/TR/xhtml1/DTD/xhtml1-transitional.dtd">
<html xmlns="http://www.w3.org/1999/xhtml" xml:lang="en" lang="en">
 <head>
  <title>
</title>
<meta http-equiv="Content-Type" content="text/html;charset=utf-8" />
  <meta name='ocr-system' content='tesseract 3.04.00' />
  <meta name='ocr-capabilities' content='ocr_page ocr_carea ocr_par ocr_line ocrx_word'/>
</head>
<body>
  <div class='ocr_page' id='page_1' title='image "./operagraecaetlat03luciuoft/operagraecaetlat03luciuoft_0566.png"; bbox 0 0 2015 3490; ppageno 0'>
   <div class='ocr_carea' id='block_1_1' title="bbox 637 257 1938 2589">
    <p class='ocr_par' dir='ltr' id='par_1_1' title="bbox 665 257 1735 331">
     <span class='ocr_line' id='line_1_1' title="bbox 665 257 1735 331; baseline -0.005 -19"><span class='ocrx_word' id='word_1_1' title='bbox 665 267 762 331; x_wconf 54' lang='lat' dir='ltr'>5ss</span> <span class='ocrx_word' id='word_1_2' title='bbox 869 257 1735 308; x_wconf 77' lang='lat' dir='ltr'>ANNoTATIONEs</span> 
     </span>
    </p>

    <p class='ocr_par' dir='ltr' id='par_1_2' title="bbox 637 345 1938 2589">
     <span class='ocr_line' id='line_1_2' title="bbox 667 345 1925 401; baseline 0 -13"><span class='ocrx_word' id='word_1_3' title='bbox 667 351 768 401; x_wconf 86' lang='lat' dir='ltr'>Qua</span> <span class='ocrx_word' id='word_1_4' title='bbox 780 347 1001 400; x_wconf 85' lang='lat' dir='ltr'>tempestate</span> <span class='ocrx_word' id='word_1_5' title='bbox 1012 347 1112 387; x_wconf 84' lang='lat' dir='ltr'>Paris</span> <span class='ocrx_word' id='word_1_6' title='bbox 1124 345 1311 386; x_wconf 83' lang='lat' dir='ltr'>Helenam</span> <span class='ocrx_word' id='word_1_7' title='bbox 1325 347 1494 400; x_wconf 81' lang='lat' dir='ltr'>innuptis</span> <span class='ocrx_word' id='word_1_8' title='bbox 1505 347 1629 394; x_wconf 82' lang='lat' dir='ltr'>iunxit</span> <span class='ocrx_word' id='word_1_9' title='bbox 1646 347 1805 400; x_wconf 87' lang='lat' dir='ltr'>nuptiis:</span> <span class='ocrx_word' id='word_1_10' title='bbox 1821 346 1925 401; x_wconf 61' lang='lat' dir='ltr'>o&#39;e&#39;yaea</span> 
     </span>
     <span class='ocr_line' id='line_1_3' title="bbox 666 399 1926 455; baseline 0.001 -14"><span class='ocrx_word' id='word_1_11' title='bbox 666 417 740 453; x_wconf 78' lang='grc' dir='ltr'>μσς</span> <span class='ocrx_word' id='word_1_12' title='bbox 751 404 878 455; x_wconf 69' lang='grc' dir='ltr'><em>γάμος</em></span> <span class='ocrx_word' id='word_1_13' title='bbox 891 402 1056 454; x_wconf 86' lang='lat' dir='ltr'>Euripid.</span> <span class='ocrx_word' id='word_1_14' title='bbox 1070 402 1108 439; x_wconf 91' lang='lat' dir='ltr'>in</span> <span class='ocrx_word' id='word_1_15' title='bbox 1119 401 1213 440; x_wconf 88' lang='lat' dir='ltr'>Hec.</span> <span class='ocrx_word' id='word_1_16' title='bbox 1225 400 1405 453; x_wconf 89' lang='lat' dir='ltr'>Sophocl.</span> <span class='ocrx_word' id='word_1_17' title='bbox 1416 400 1553 453; x_wconf 91' lang='lat' dir='ltr'>Oedip.</span> <span class='ocrx_word' id='word_1_18' title='bbox 1566 400 1666 451; x_wconf 86' lang='lat' dir='ltr'>Tyr.</span> <span class='ocrx_word' id='word_1_19' title='bbox 1683 414 1718 452; x_wconf 87' lang='lat' dir='ltr'>p.</span> <span class='ocrx_word' id='word_1_20' title='bbox 1729 399 1821 440; x_wconf 89' lang='lat' dir='ltr'>H.S.</span> <span class='ocrx_word' id='word_1_21' title='bbox 1835 415 1926 442; x_wconf 76' lang='lat'><strong>200.</strong></span> 
     </span>
     <span class='ocr_line' id='line_1_4' title="bbox 668 453 1923 505; baseline -0.002 -10"><span class='ocrx_word' id='word_1_22' title='bbox 668 455 888 505; x_wconf 83' lang='lat' dir='ltr'>Aeschylus</span> <span class='ocrx_word' id='word_1_23' title='bbox 898 454 1026 493; x_wconf 89' lang='lat' dir='ltr'>Prom.</span> <span class='ocrx_word' id='word_1_24' title='bbox 1040 454 1148 505; x_wconf 64' lang='lat' dir='ltr'>‘Jre&#39;apo5</span> <span class='ocrx_word' id='word_1_25' title='bbox 1159 453 1307 505; x_wconf 69' lang='grc' dir='ltr'><em>ἄπορος,</em></span> <span class='ocrx_word' id='word_1_26' title='bbox 1315 453 1481 503; x_wconf 70' lang='grc' dir='ltr'><em>πόλεμος</em></span> <span class='ocrx_word' id='word_1_27' title='bbox 1494 453 1686 502; x_wconf 55' lang='grc' dir='ltr'>ἀπόλεμος</span> <span class='ocrx_word' id='word_1_28' title='bbox 1698 453 1827 493; x_wconf 81' lang='lat' dir='ltr'>Persis.</span> <span class='ocrx_word' id='word_1_29' title='bbox 1839 454 1923 494; x_wconf 69' lang='grc' dir='ltr'>νᾶες</span> 
     </span>
     <span class='ocr_line' id='line_1_5' title="bbox 668 504 1926 560; baseline -0.002 -12"><span class='ocrx_word' id='word_1_30' title='bbox 668 511 782 548; x_wconf 68' lang='grc' dir='ltr'><em>ἄναες</em></span> <span class='ocrx_word' id='word_1_31' title='bbox 795 508 970 560; x_wconf 88' lang='lat' dir='ltr'>Choeph.</span> <span class='ocrx_word' id='word_1_32' title='bbox 981 507 1095 560; x_wconf 71' lang='grc' dir='ltr'><em>χάρις</em></span> <span class='ocrx_word' id='word_1_33' title='bbox 1107 508 1252 559; x_wconf 71' lang='grc' dir='ltr'><em>ἄχαρις</em></span> <span class='ocrx_word' id='word_1_34' title='bbox 1273 507 1468 546; x_wconf 79' lang='lat' dir='ltr'>Eumenid.</span> <span class='ocrx_word' id='word_1_35' title='bbox 1484 504 1816 547; x_wconf 47' lang='lat' dir='ltr'>names-lamisem</span> <span class='ocrx_word' id='word_1_36' title='bbox 1835 507 1926 546; x_wconf 67' lang='lat' dir='ltr'>Ari·</span> 
     </span>
     <span class='ocr_line' id='line_1_6' title="bbox 669 559 1925 614; baseline 0 -13"><span class='ocrx_word' id='word_1_37' title='bbox 669 562 793 614; x_wconf 78' lang='lat' dir='ltr'>stoph.</span> <span class='ocrx_word' id='word_1_38' title='bbox 807 562 881 607; x_wconf 69' lang='grc' dir='ltr'>βίος</span> <span class='ocrx_word' id='word_1_39' title='bbox 892 562 1059 606; x_wconf 68' lang='grc' dir='ltr'>ἀβίωτος.</span> <span class='ocrx_word' id='word_1_40' title='bbox 1073 561 1201 599; x_wconf 90' lang='lat' dir='ltr'>Attius</span> <span class='ocrx_word' id='word_1_41' title='bbox 1217 561 1353 599; x_wconf 84' lang='lat' dir='ltr'>Medea</span> <span class='ocrx_word' id='word_1_42' title='bbox 1369 561 1448 598; x_wconf 84' lang='lat' dir='ltr'>vita</span> <span class='ocrx_word' id='word_1_43' title='bbox 1462 561 1602 600; x_wconf 82' lang='lat' dir='ltr'>invita:</span> <span class='ocrx_word' id='word_1_44' title='bbox 1627 559 1797 611; x_wconf 87' lang='lat' dir='ltr'><strong>Amphis.</strong></span> <span class='ocrx_word' id='word_1_45' title='bbox 1809 560 1925 601; x_wconf 64' lang='lat' dir='ltr'>Coma</span> 
     </span>
     <span class='ocr_line' id='line_1_7' title="bbox 669 613 1926 666; baseline -0.001 -12"><span class='ocrx_word' id='word_1_46' title='bbox 669 617 834 654; x_wconf 57' lang='lat' dir='ltr'>zava-coc</span> <span class='ocrx_word' id='word_1_47' title='bbox 847 615 1043 654; x_wconf 70' lang='grc' dir='ltr'><em>ἀθάνατος.</em></span> <span class='ocrx_word' id='word_1_48' title='bbox 1063 615 1170 654; x_wconf 84' lang='lat' dir='ltr'>Haec</span> <span class='ocrx_word' id='word_1_49' title='bbox 1181 614 1335 666; x_wconf 80' lang='lat' dir='ltr'>collegit</span> <span class='ocrx_word' id='word_1_50' title='bbox 1345 614 1389 653; x_wconf 89' lang='lat' dir='ltr'>B.</span> <span class='ocrx_word' id='word_1_51' title='bbox 1403 614 1560 652; x_wconf 80' lang='lat' dir='ltr'>Martin.</span> <span class='ocrx_word' id='word_1_52' title='bbox 1574 613 1626 651; x_wconf 91' lang='lat' dir='ltr'>V.</span> <span class='ocrx_word' id='word_1_53' title='bbox 1638 613 1680 651; x_wconf 92' lang='lat' dir='ltr'>L.</span> <span class='ocrx_word' id='word_1_54' title='bbox 1692 613 1747 652; x_wconf 89' lang='lat' dir='ltr'>III</span> <span class='ocrx_word' id='word_1_55' title='bbox 1759 643 1771 661; x_wconf 90' lang='lat'>,</span> <span class='ocrx_word' id='word_1_56' title='bbox 1789 628 1824 666; x_wconf 91' lang='lat'>9.</span> <span class='ocrx_word' id='word_1_57' title='bbox 1841 615 1926 653; x_wconf 88' lang='lat' dir='ltr'>Ho-</span> 
     </span>
     <span class='ocr_line' id='line_1_8' title="bbox 671 665 1927 720; baseline -0.001 -13"><span class='ocrx_word' id='word_1_58' title='bbox 671 682 783 709; x_wconf 89' lang='lat' dir='ltr'>mero</span> <span class='ocrx_word' id='word_1_59' title='bbox 797 668 838 707; x_wconf 90' lang='lat'>11.</span> <span class='ocrx_word' id='word_1_60' title='bbox 853 673 970 720; x_wconf 81' lang='lat'>1,·&#39;34‚</span> <span class='ocrx_word' id='word_1_61' title='bbox 994 667 1092 706; x_wconf 71' lang='grc' dir='ltr'>ἀλκὴ</span> <span class='ocrx_word' id='word_1_62' title='bbox 1107 668 1275 706; x_wconf 57' lang='lat' dir='ltr'>arama.</span> <span class='ocrx_word' id='word_1_63' title='bbox 1292 666 1490 718; x_wconf 85' lang='lat' dir='ltr'>Aeschylo</span> <span class='ocrx_word' id='word_1_64' title='bbox 1506 667 1544 705; x_wconf 89' lang='lat' dir='ltr'>in</span> <span class='ocrx_word' id='word_1_65' title='bbox 1559 665 1676 705; x_wconf 78' lang='lat' dir='ltr'>Persis</span> <span class='ocrx_word' id='word_1_66' title='bbox 1692 680 1726 719; x_wconf 89' lang='lat' dir='ltr'>p.</span> <span class='ocrx_word' id='word_1_67' title='bbox 1747 680 1832 719; x_wconf 85' lang='lat'>157,</span> <span class='ocrx_word' id='word_1_68' title='bbox 1844 665 1927 706; x_wconf 72' lang='grc' dir='ltr'><em>νᾶες</em></span> 
     </span>
     <span class='ocr_line' id='line_1_9' title="bbox 670 719 1928 774; baseline -0.001 -13"><span class='ocrx_word' id='word_1_69' title='bbox 670 724 797 769; x_wconf 69' lang='grc' dir='ltr'><em>ἄναες,</em></span> <span class='ocrx_word' id='word_1_70' title='bbox 809 737 914 760; x_wconf 82' lang='lat' dir='ltr'>naves</span> <span class='ocrx_word' id='word_1_71' title='bbox 923 722 1084 774; x_wconf 56' lang='lat' dir='ltr'>pacatae,</span> <span class='ocrx_word' id='word_1_72' title='bbox 1098 720 1139 759; x_wconf 88' lang='lat'>&amp;</span> <span class='ocrx_word' id='word_1_73' title='bbox 1152 734 1188 772; x_wconf 86' lang='lat' dir='ltr'>p.</span> <span class='ocrx_word' id='word_1_74' title='bbox 1203 719 1277 759; x_wconf 85' lang='lat'>288</span> <span class='ocrx_word' id='word_1_75' title='bbox 1294 719 1405 759; x_wconf 70' lang='grc' dir='ltr'><em>πόλις</em></span> <span class='ocrx_word' id='word_1_76' title='bbox 1415 731 1568 764; x_wconf 61' lang='lat' dir='ltr'>commu,</span> <span class='ocrx_word' id='word_1_77' title='bbox 1581 719 1671 758; x_wconf 82' lang='lat' dir='ltr'>urbs</span> <span class='ocrx_word' id='word_1_78' title='bbox 1686 720 1829 758; x_wconf 85' lang='lat' dir='ltr'>diruta:</span> <span class='ocrx_word' id='word_1_79' title='bbox 1857 719 1928 760; x_wconf 72' lang='lat' dir='ltr'>So·</span> 
     </span>
     <span class='ocr_line' id='line_1_10' title="bbox 670 773 1927 829; baseline -0.001 -16"><span class='ocrx_word' id='word_1_80' title='bbox 670 776 802 829; x_wconf 83' lang='lat' dir='ltr'>phocli</span> <span class='ocrx_word' id='word_1_81' title='bbox 824 775 862 813; x_wconf 88' lang='lat' dir='ltr'>in</span> <span class='ocrx_word' id='word_1_82' title='bbox 879 774 1014 814; x_wconf 62' lang='lat' dir='ltr'>Electr.</span> <span class='ocrx_word' id='word_1_83' title='bbox 1035 788 1074 812; x_wconf 92' lang='lat' dir='ltr'>v.</span> <span class='ocrx_word' id='word_1_84' title='bbox 1097 786 1193 825; x_wconf 86' lang='lat'>1157</span> <span class='ocrx_word' id='word_1_85' title='bbox 1207 773 1489 824; x_wconf 85' lang='lat' dir='ltr'>Clytemnestra</span> <span class='ocrx_word' id='word_1_86' title='bbox 1503 773 1637 812; x_wconf 88' lang='lat' dir='ltr'>dicitur</span> <span class='ocrx_word' id='word_1_87' title='bbox 1651 773 1703 812; x_wconf 92' lang='lat' dir='ltr'>ob</span> <span class='ocrx_word' id='word_1_88' title='bbox 1724 773 1927 813; x_wconf 81' lang='lat' dir='ltr'>crudelita-</span> 
     </span>
     <span class='ocr_line' id='line_1_11' title="bbox 669 826 1927 879; baseline -0.001 -12"><span class='ocrx_word' id='word_1_89' title='bbox 669 841 745 869; x_wconf 85' lang='lat' dir='ltr'>tem</span> <span class='ocrx_word' id='word_1_90' title='bbox 757 827 876 878; x_wconf 65' lang='grc' dir='ltr'>μήτηρ</span> <span class='ocrx_word' id='word_1_91' title='bbox 891 826 1055 879; x_wconf 64' lang='grc' dir='ltr'>ἀμήτωρ.</span> <span class='ocrx_word' id='word_1_92' title='bbox 1068 828 1175 866; x_wconf 79' lang='lat' dir='ltr'>Haec</span> <span class='ocrx_word' id='word_1_93' title='bbox 1189 826 1325 866; x_wconf 82' lang='lat' dir='ltr'>addidit</span> <span class='ocrx_word' id='word_1_94' title='bbox 1335 826 1485 879; x_wconf 83' lang='lat' dir='ltr'>Hemst.)</span> <span class='ocrx_word' id='word_1_95' title='bbox 1500 848 1544 855; x_wconf 93' lang='lat'>—-</span> <span class='ocrx_word' id='word_1_96' title='bbox 1560 826 1753 865; x_wconf 83' lang='lat' dir='ltr'>Amarunt</span> <span class='ocrx_word' id='word_1_97' title='bbox 1767 826 1864 866; x_wconf 88' lang='lat' dir='ltr'>hanc</span> <span class='ocrx_word' id='word_1_98' title='bbox 1878 827 1927 866; x_wconf 89' lang='lat' dir='ltr'>di-</span> 
     </span>
     <span class='ocr_line' id='line_1_12' title="bbox 671 879 1927 933; baseline -0.002 -11"><span class='ocrx_word' id='word_1_99' title='bbox 671 883 779 922; x_wconf 89' lang='lat' dir='ltr'>cendi</span> <span class='ocrx_word' id='word_1_100' title='bbox 793 883 978 921; x_wconf 84' lang='lat' dir='ltr'>rationem</span> <span class='ocrx_word' id='word_1_101' title='bbox 994 882 1106 920; x_wconf 81' lang='lat' dir='ltr'>etiam</span> <span class='ocrx_word' id='word_1_102' title='bbox 1122 881 1243 920; x_wconf 84' lang='lat' dir='ltr'>Latini</span> <span class='ocrx_word' id='word_1_103' title='bbox 1256 896 1267 928; x_wconf 76' lang='lat'>3</span> <span class='ocrx_word' id='word_1_104' title='bbox 1282 881 1381 933; x_wconf 89' lang='lat' dir='ltr'>apud</span> <span class='ocrx_word' id='word_1_105' title='bbox 1396 892 1495 932; x_wconf 87' lang='lat' dir='ltr'>quos</span> <span class='ocrx_word' id='word_1_106' title='bbox 1506 879 1642 932; x_wconf 88' lang='lat' dir='ltr'>legitur</span> <span class='ocrx_word' id='word_1_107' title='bbox 1651 880 1712 918; x_wconf 78' lang='lat' dir='ltr'>via</span> <span class='ocrx_word' id='word_1_108' title='bbox 1723 880 1830 918; x_wconf 79' lang='lat' dir='ltr'>invia.</span> <span class='ocrx_word' id='word_1_109' title='bbox 1842 880 1927 919; x_wconf 86' lang='lat' dir='ltr'>Pari</span> 
     </span>
     <span class='ocr_line' id='line_1_13' title="bbox 666 932 1929 987; baseline -0.002 -12"><span class='ocrx_word' id='word_1_110' title='bbox 666 938 821 975; x_wconf 79' lang='lat' dir='ltr'>ratione</span> <span class='ocrx_word' id='word_1_111' title='bbox 834 935 934 987; x_wconf 85' lang='lat' dir='ltr'>apud</span> <span class='ocrx_word' id='word_1_112' title='bbox 943 934 1130 974; x_wconf 88' lang='lat' dir='ltr'>Ovidium</span> <span class='ocrx_word' id='word_1_113' title='bbox 1142 935 1263 987; x_wconf 78' lang='lat' dir='ltr'>iniusta</span> <span class='ocrx_word' id='word_1_114' title='bbox 1275 934 1381 986; x_wconf 83' lang='lat' dir='ltr'>iusta,</span> <span class='ocrx_word' id='word_1_115' title='bbox 1401 933 1435 972; x_wconf 91' lang='lat'>11</span> <span class='ocrx_word' id='word_1_116' title='bbox 1447 935 1604 973; x_wconf 82' lang='lat' dir='ltr'>Metam.</span> <span class='ocrx_word' id='word_1_117' title='bbox 1619 933 1709 982; x_wconf 89' lang='lat'>627,</span> <span class='ocrx_word' id='word_1_118' title='bbox 1720 933 1766 972; x_wconf 89' lang='lat' dir='ltr'>de</span> <span class='ocrx_word' id='word_1_119' title='bbox 1779 932 1929 986; x_wconf 85' lang='lat' dir='ltr'>Apolli-</span> 
     </span>
     <span class='ocr_line' id='line_1_14' title="bbox 669 987 1929 1029; baseline -0.002 0"><span class='ocrx_word' id='word_1_120' title='bbox 669 1003 719 1028; x_wconf 88' lang='lat' dir='ltr'>ne</span> <span class='ocrx_word' id='word_1_121' title='bbox 734 989 968 1029; x_wconf 81' lang='lat' dir='ltr'>Coronidem</span> <span class='ocrx_word' id='word_1_122' title='bbox 980 988 1028 1026; x_wconf 86' lang='lat' dir='ltr'>ab</span> <span class='ocrx_word' id='word_1_123' title='bbox 1043 987 1078 1027; x_wconf 89' lang='lat' dir='ltr'>se</span> <span class='ocrx_word' id='word_1_124' title='bbox 1092 987 1289 1027; x_wconf 84' lang='lat' dir='ltr'>temeraria</span> <span class='ocrx_word' id='word_1_125' title='bbox 1300 988 1340 1025; x_wconf 78' lang='grc' dir='ltr'>δι</span> <span class='ocrx_word' id='word_1_126' title='bbox 1355 987 1491 1026; x_wconf 83' lang='lat' dir='ltr'>iniusta</span> <span class='ocrx_word' id='word_1_127' title='bbox 1499 987 1614 1026; x_wconf 85' lang='lat' dir='ltr'>caede</span> <span class='ocrx_word' id='word_1_128' title='bbox 1628 987 1929 1026; x_wconf 86' lang='lat' dir='ltr'>trucidatamtu-</span> 
     </span>
     <span class='ocr_line' id='line_1_15' title="bbox 672 1039 1928 1093; baseline -0.002 -11"><span class='ocrx_word' id='word_1_129' title='bbox 672 1043 858 1089; x_wconf 83' lang='lat' dir='ltr'>mulante‚</span> <span class='ocrx_word' id='word_1_130' title='bbox 873 1045 910 1081; x_wconf 91' lang='lat' dir='ltr'><em>E</em></span> <span class='ocrx_word' id='word_1_131' title='bbox 912 1054 926 1079; x_wconf 87' lang='lat' dir='ltr'>t</span> <span class='ocrx_word' id='word_1_132' title='bbox 938 1043 1026 1080; x_wconf 80' lang='lat' dir='ltr'>dedit</span> <span class='ocrx_word' id='word_1_133' title='bbox 1038 1042 1230 1093; x_wconf 83' lang='lat' dir='ltr'>amplexus,</span> <span class='ocrx_word' id='word_1_134' title='bbox 1237 1041 1422 1092; x_wconf 83' lang='lat' dir='ltr'>iniustaque</span> <span class='ocrx_word' id='word_1_135' title='bbox 1431 1043 1517 1093; x_wconf 83' lang='lat' dir='ltr'>iusta</span> <span class='ocrx_word' id='word_1_136' title='bbox 1526 1040 1661 1090; x_wconf 78' lang='lat' dir='ltr'>peregit.</span> <span class='ocrx_word' id='word_1_137' title='bbox 1676 1039 1738 1079; x_wconf 89' lang='lat' dir='ltr'>Sic</span> <span class='ocrx_word' id='word_1_138' title='bbox 1748 1041 1928 1092; x_wconf 84' lang='lat' dir='ltr'>antiquus</span> 
     </span>
     <span class='ocr_line' id='line_1_16' title="bbox 637 1093 1925 1149; baseline -0.001 -14"><span class='ocrx_word' id='word_1_139' title='bbox 637 1133 639 1135; x_wconf 83' lang='grc'><em>,</em></span> <span class='ocrx_word' id='word_1_140' title='bbox 672 1097 861 1149; x_wconf 83' lang='lat' dir='ltr'>Tragicus</span> <span class='ocrx_word' id='word_1_141' title='bbox 871 1096 970 1148; x_wconf 81' lang='lat' dir='ltr'>apud</span> <span class='ocrx_word' id='word_1_142' title='bbox 983 1094 1214 1135; x_wconf 85' lang='lat' dir='ltr'>Ciceronem</span> <span class='ocrx_word' id='word_1_143' title='bbox 1226 1094 1279 1133; x_wconf 89' lang='lat'>111</span> <span class='ocrx_word' id='word_1_144' title='bbox 1292 1095 1337 1133; x_wconf 90' lang='lat' dir='ltr'>de</span> <span class='ocrx_word' id='word_1_145' title='bbox 1348 1093 1420 1133; x_wconf 91' lang='lat' dir='ltr'>Or.</span> <span class='ocrx_word' id='word_1_146' title='bbox 1437 1094 1482 1146; x_wconf 85' lang='lat'>58</span> <span class='ocrx_word' id='word_1_147' title='bbox 1493 1094 1586 1132; x_wconf 78' lang='lat' dir='ltr'>dixit</span> <span class='ocrx_word' id='word_1_148' title='bbox 1596 1094 1759 1145; x_wconf 82' lang='lat' dir='ltr'>innuptas</span> <span class='ocrx_word' id='word_1_149' title='bbox 1768 1095 1925 1146; x_wconf 80' lang='lat' dir='ltr'>nuptias.-</span> 
     </span>
     <span class='ocr_line' id='line_1_17' title="bbox 671 1146 1926 1202; baseline -0.002 -13"><span class='ocrx_word' id='word_1_150' title='bbox 671 1152 756 1201; x_wconf 84' lang='lat' dir='ltr'>Qua</span> <span class='ocrx_word' id='word_1_151' title='bbox 771 1151 952 1202; x_wconf 75' lang='lat' dir='ltr'>tempestate</span> <span class='ocrx_word' id='word_1_152' title='bbox 967 1149 1071 1187; x_wconf 81' lang='lat' dir='ltr'>Paris</span> <span class='ocrx_word' id='word_1_153' title='bbox 1087 1149 1254 1187; x_wconf 78' lang='lat' dir='ltr'>Helenam</span> <span class='ocrx_word' id='word_1_154' title='bbox 1274 1149 1426 1200; x_wconf 78' lang='lat' dir='ltr'>innuptis</span> <span class='ocrx_word' id='word_1_155' title='bbox 1447 1147 1561 1186; x_wconf 80' lang='lat' dir='ltr'>iunxit</span> <span class='ocrx_word' id='word_1_156' title='bbox 1577 1148 1730 1199; x_wconf 78' lang='lat' dir='ltr'>nuptiis,</span> <span class='ocrx_word' id='word_1_157' title='bbox 1748 1146 1828 1201; x_wconf 84' lang='lat' dir='ltr'>Ego</span> <span class='ocrx_word' id='word_1_158' title='bbox 1853 1159 1926 1187; x_wconf 87' lang='lat' dir='ltr'>tum</span> 
     </span>
     <span class='ocr_line' id='line_1_18' title="bbox 667 1199 1927 1254; baseline -0.001 -13"><span class='ocrx_word' id='word_1_159' title='bbox 667 1204 815 1253; x_wconf 68' lang='lat' dir='ltr'>gravida</span> <span class='ocrx_word' id='word_1_160' title='bbox 829 1203 903 1242; x_wconf 87' lang='lat' dir='ltr'>&amp;c.</span> <span class='ocrx_word' id='word_1_161' title='bbox 921 1202 981 1241; x_wconf 87' lang='lat' dir='ltr'>Sic</span> <span class='ocrx_word' id='word_1_162' title='bbox 992 1202 1190 1254; x_wconf 81' lang='lat' dir='ltr'>insepultam</span> <span class='ocrx_word' id='word_1_163' title='bbox 1195 1201 1405 1254; x_wconf 82' lang='lat' dir='ltr'>sepulturam</span> <span class='ocrx_word' id='word_1_164' title='bbox 1419 1214 1469 1240; x_wconf 83' lang='lat' dir='ltr'>ex</span> <span class='ocrx_word' id='word_1_165' title='bbox 1483 1199 1678 1240; x_wconf 85' lang='lat' dir='ltr'>Ciceronis</span> <span class='ocrx_word' id='word_1_166' title='bbox 1696 1200 1786 1241; x_wconf 90' lang='lat' dir='ltr'>Phil.</span> <span class='ocrx_word' id='word_1_167' title='bbox 1801 1200 1817 1239; x_wconf 93' lang='lat'>1</span> <span class='ocrx_word' id='word_1_168' title='bbox 1835 1201 1927 1240; x_wconf 85' lang='lat' dir='ltr'>citat</span> 
     </span>
     <span class='ocr_line' id='line_1_19' title="bbox 669 1252 1928 1306; baseline -0.002 -10"><span class='ocrx_word' id='word_1_169' title='bbox 669 1257 901 1297; x_wconf 86' lang='lat' dir='ltr'>Torrentius</span> <span class='ocrx_word' id='word_1_170' title='bbox 913 1257 958 1294; x_wconf 88' lang='lat' dir='ltr'>ad</span> <span class='ocrx_word' id='word_1_171' title='bbox 970 1256 1143 1295; x_wconf 89' lang='lat' dir='ltr'>Suetonii</span> <span class='ocrx_word' id='word_1_172' title='bbox 1164 1255 1303 1294; x_wconf 87' lang='lat' dir='ltr'>Iulium</span> <span class='ocrx_word' id='word_1_173' title='bbox 1328 1268 1360 1294; x_wconf 93' lang='lat' dir='ltr'>c.</span> <span class='ocrx_word' id='word_1_174' title='bbox 1373 1253 1435 1302; x_wconf 88' lang='lat'>84.</span> <span class='ocrx_word' id='word_1_175' title='bbox 1450 1255 1540 1293; x_wconf 86' lang='lat' dir='ltr'>Huc</span> <span class='ocrx_word' id='word_1_176' title='bbox 1561 1252 1692 1293; x_wconf 84' lang='lat' dir='ltr'>referri</span> <span class='ocrx_word' id='word_1_177' title='bbox 1711 1253 1834 1306; x_wconf 90' lang='lat' dir='ltr'>potest</span> <span class='ocrx_word' id='word_1_178' title='bbox 1848 1255 1928 1293; x_wconf 79' lang='lat' dir='ltr'>dili·</span> 
     </span>
     <span class='ocr_line' id='line_1_20' title="bbox 667 1307 1928 1364; baseline -0.002 -15"><span class='ocrx_word' id='word_1_179' title='bbox 667 1326 749 1364; x_wconf 74' lang='lat' dir='ltr'>gens</span> <span class='ocrx_word' id='word_1_180' title='bbox 761 1310 963 1361; x_wconf 78' lang='lat' dir='ltr'>negligentia</span> <span class='ocrx_word' id='word_1_181' title='bbox 977 1309 1076 1361; x_wconf 84' lang='lat' dir='ltr'>apud</span> <span class='ocrx_word' id='word_1_182' title='bbox 1095 1308 1325 1348; x_wconf 87' lang='lat' dir='ltr'>Ciceronem</span> <span class='ocrx_word' id='word_1_183' title='bbox 1339 1309 1377 1347; x_wconf 90' lang='lat' dir='ltr'>in</span> <span class='ocrx_word' id='word_1_184' title='bbox 1390 1307 1461 1347; x_wconf 88' lang='lat' dir='ltr'>Or.</span> <span class='ocrx_word' id='word_1_185' title='bbox 1477 1321 1560 1359; x_wconf 82' lang='lat' dir='ltr'>cap.</span> <span class='ocrx_word' id='word_1_186' title='bbox 1577 1322 1636 1358; x_wconf 78' lang='lat'>23.</span> <span class='ocrx_word' id='word_1_187' title='bbox 1662 1308 1766 1360; x_wconf 85' lang='lat' dir='ltr'>Inops</span> <span class='ocrx_word' id='word_1_188' title='bbox 1776 1310 1928 1361; x_wconf 84' lang='lat' dir='ltr'>potentia</span> 
     </span>
     <span class='ocr_line' id='line_1_21' title="bbox 670 1361 1928 1416; baseline -0.002 -13"><span class='ocrx_word' id='word_1_189' title='bbox 670 1365 769 1416; x_wconf 74' lang='lat' dir='ltr'>apud</span> <span class='ocrx_word' id='word_1_190' title='bbox 784 1364 944 1403; x_wconf 90' lang='lat' dir='ltr'>eundem</span> <span class='ocrx_word' id='word_1_191' title='bbox 958 1362 1033 1402; x_wconf 89' lang='lat' dir='ltr'>Pro</span> <span class='ocrx_word' id='word_1_192' title='bbox 1050 1363 1220 1414; x_wconf 87' lang='lat' dir='ltr'>Quintio</span> <span class='ocrx_word' id='word_1_193' title='bbox 1231 1374 1263 1401; x_wconf 94' lang='lat' dir='ltr'>c.</span> <span class='ocrx_word' id='word_1_194' title='bbox 1285 1375 1341 1400; x_wconf 87' lang='lat'>10.</span> <span class='ocrx_word' id='word_1_195' title='bbox 1356 1362 1530 1413; x_wconf 80' lang='lat' dir='ltr'>Infimiens</span> <span class='ocrx_word' id='word_1_196' title='bbox 1537 1361 1708 1414; x_wconf 79' lang='lat' dir='ltr'>sapientia</span> <span class='ocrx_word' id='word_1_197' title='bbox 1728 1361 1828 1413; x_wconf 89' lang='lat' dir='ltr'>apud</span> <span class='ocrx_word' id='word_1_198' title='bbox 1842 1363 1928 1401; x_wconf 78' lang='lat' dir='ltr'>Ho-</span> 
     </span>
     <span class='ocr_line' id='line_1_22' title="bbox 669 1415 1929 1467; baseline -0.002 -11"><span class='ocrx_word' id='word_1_199' title='bbox 669 1419 822 1457; x_wconf 79' lang='lat' dir='ltr'>ratium.</span> <span class='ocrx_word' id='word_1_200' title='bbox 834 1416 892 1455; x_wconf 88' lang='lat' dir='ltr'>Ita</span> <span class='ocrx_word' id='word_1_201' title='bbox 904 1417 944 1456; x_wconf 73' lang='grc' dir='ltr'>δι</span> <span class='ocrx_word' id='word_1_202' title='bbox 954 1416 1180 1456; x_wconf 89' lang='lat' dir='ltr'>Ardeliones</span> <span class='ocrx_word' id='word_1_203' title='bbox 1192 1415 1292 1467; x_wconf 85' lang='lat' dir='ltr'>apud</span> <span class='ocrx_word' id='word_1_204' title='bbox 1301 1415 1514 1455; x_wconf 86' lang='lat' dir='ltr'>Phaedrum</span> <span class='ocrx_word' id='word_1_205' title='bbox 1523 1415 1700 1454; x_wconf 89' lang='lat' dir='ltr'>dicuntur</span> <span class='ocrx_word' id='word_1_206' title='bbox 1710 1416 1816 1454; x_wconf 78' lang='lat' dir='ltr'>multa</span> <span class='ocrx_word' id='word_1_207' title='bbox 1828 1428 1929 1466; x_wconf 77' lang='lat' dir='ltr'>agen·</span> 
     </span>
     <span class='ocr_line' id='line_1_23' title="bbox 672 1469 1929 1523; baseline -0.002 -13"><span class='ocrx_word' id='word_1_208' title='bbox 672 1474 714 1510; x_wconf 82' lang='lat' dir='ltr'>do</span> <span class='ocrx_word' id='word_1_209' title='bbox 725 1470 814 1510; x_wconf 81' lang='lat' dir='ltr'>nihil</span> <span class='ocrx_word' id='word_1_210' title='bbox 822 1485 925 1523; x_wconf 80' lang='lat' dir='ltr'>agere.</span> <span class='ocrx_word' id='word_1_211' title='bbox 940 1470 1011 1510; x_wconf 89' lang='lat' dir='ltr'>Sed</span> <span class='ocrx_word' id='word_1_212' title='bbox 1022 1481 1066 1509; x_wconf 93' lang='lat' dir='ltr'>ut</span> <span class='ocrx_word' id='word_1_213' title='bbox 1076 1470 1122 1509; x_wconf 88' lang='lat' dir='ltr'>ad</span> <span class='ocrx_word' id='word_1_214' title='bbox 1132 1469 1291 1508; x_wconf 90' lang='lat' dir='ltr'>Luciani</span> <span class='ocrx_word' id='word_1_215' title='bbox 1304 1469 1433 1508; x_wconf 89' lang='lat' dir='ltr'>locum</span> <span class='ocrx_word' id='word_1_216' title='bbox 1444 1478 1632 1514; x_wconf 85' lang='lat' dir='ltr'>revertar,</span> <span class='ocrx_word' id='word_1_217' title='bbox 1640 1482 1728 1508; x_wconf 89' lang='lat' dir='ltr'>eum</span> <span class='ocrx_word' id='word_1_218' title='bbox 1740 1469 1790 1507; x_wconf 82' lang='lat' dir='ltr'>ita</span> <span class='ocrx_word' id='word_1_219' title='bbox 1799 1481 1929 1508; x_wconf 89' lang='lat' dir='ltr'>ernen-</span> 
     </span>
     <span class='ocr_line' id='line_1_24' title="bbox 668 1521 1927 1569; baseline -0.001 -6"><span class='ocrx_word' id='word_1_220' title='bbox 668 1525 834 1564; x_wconf 82' lang='lat' dir='ltr'>dandum</span> <span class='ocrx_word' id='word_1_221' title='bbox 856 1524 1004 1562; x_wconf 85' lang='lat' dir='ltr'>viderat</span> <span class='ocrx_word' id='word_1_222' title='bbox 1017 1525 1091 1563; x_wconf 85' lang='lat' dir='ltr'>iam</span> <span class='ocrx_word' id='word_1_223' title='bbox 1106 1523 1197 1562; x_wconf 88' lang='lat' dir='ltr'>olim</span> <span class='ocrx_word' id='word_1_224' title='bbox 1213 1522 1409 1562; x_wconf 87' lang='lat' dir='ltr'>Brodaeus</span> <span class='ocrx_word' id='word_1_225' title='bbox 1424 1523 1478 1562; x_wconf 90' lang='lat' dir='ltr'>IX</span> <span class='ocrx_word' id='word_1_226' title='bbox 1499 1521 1604 1561; x_wconf 89' lang='lat' dir='ltr'>Misc.</span> <span class='ocrx_word' id='word_1_227' title='bbox 1620 1535 1653 1562; x_wconf 92' lang='lat' dir='ltr'>c.</span> <span class='ocrx_word' id='word_1_228' title='bbox 1674 1534 1737 1569; x_wconf 86' lang='lat'>17,</span> <span class='ocrx_word' id='word_1_229' title='bbox 1763 1521 1927 1563; x_wconf 86' lang='lat' dir='ltr'>afferens</span> 
     </span>
     <span class='ocr_line' id='line_1_25' title="bbox 669 1573 1928 1630; baseline -0.002 -13"><span class='ocrx_word' id='word_1_230' title='bbox 669 1579 761 1617; x_wconf 81' lang='lat' dir='ltr'>illud</span> <span class='ocrx_word' id='word_1_231' title='bbox 776 1578 975 1630; x_wconf 87' lang='lat' dir='ltr'>Sophoclis</span> <span class='ocrx_word' id='word_1_232' title='bbox 991 1591 1039 1616; x_wconf 80' lang='lat' dir='ltr'>ex</span> <span class='ocrx_word' id='word_1_233' title='bbox 1051 1578 1168 1616; x_wconf 81' lang='lat' dir='ltr'>Aiace</span> <span class='ocrx_word' id='word_1_234' title='bbox 1190 1575 1450 1629; x_wconf 83' lang='lat' dir='ltr'>Flagellifero,</span> <span class='ocrx_word' id='word_1_235' title='bbox 1471 1575 1628 1627; x_wconf 71' lang='grc' dir='ltr'>Ἐχθρῶν</span> <span class='ocrx_word' id='word_1_236' title='bbox 1649 1573 1778 1629; x_wconf 61' lang='grc' dir='ltr'>ἂΣωρα,</span> <span class='ocrx_word' id='word_1_237' title='bbox 1801 1575 1928 1627; x_wconf 59' lang='lat' dir='ltr'>sapa,</span> 
     </span>
     <span class='ocr_line' id='line_1_26' title="bbox 669 1628 1928 1681; baseline 0 -11"><span class='ocrx_word' id='word_1_238' title='bbox 669 1629 758 1670; x_wconf 73' lang='grc' dir='ltr'>κούκ</span> <span class='ocrx_word' id='word_1_239' title='bbox 778 1631 944 1681; x_wconf 61' lang='grc' dir='ltr'>ὀνήσιμα.</span> <span class='ocrx_word' id='word_1_240' title='bbox 966 1631 1118 1670; x_wconf 84' lang='lat' dir='ltr'>Scilicet</span> <span class='ocrx_word' id='word_1_241' title='bbox 1132 1629 1262 1681; x_wconf 54' lang='grc' dir='ltr'><em>ἄδωρα</em></span> <span class='ocrx_word' id='word_1_242' title='bbox 1285 1628 1388 1679; x_wconf 54' lang='grc' dir='ltr'>ὂῶροι</span> <span class='ocrx_word' id='word_1_243' title='bbox 1405 1629 1580 1668; x_wconf 81' lang='lat' dir='ltr'>dixerunt</span> <span class='ocrx_word' id='word_1_244' title='bbox 1597 1628 1736 1670; x_wconf 89' lang='lat' dir='ltr'>Graeci</span> <span class='ocrx_word' id='word_1_245' title='bbox 1749 1629 1795 1669; x_wconf 86' lang='lat' dir='ltr'>ad</span> <span class='ocrx_word' id='word_1_246' title='bbox 1810 1629 1928 1670; x_wconf 89' lang='lat' dir='ltr'>deno-</span> 
     </span>
     <span class='ocr_line' id='line_1_27' title="bbox 671 1682 1928 1736; baseline 0 -12"><span class='ocrx_word' id='word_1_247' title='bbox 671 1686 823 1725; x_wconf 80' lang='lat' dir='ltr'>tandam</span> <span class='ocrx_word' id='word_1_248' title='bbox 839 1685 1014 1724; x_wconf 82' lang='lat' dir='ltr'>donantis</span> <span class='ocrx_word' id='word_1_249' title='bbox 1030 1683 1221 1723; x_wconf 83' lang='lat' dir='ltr'>vafritiem</span> <span class='ocrx_word' id='word_1_250' title='bbox 1237 1683 1444 1735; x_wconf 85' lang='lat' dir='ltr'>&amp;impiam</span> <span class='ocrx_word' id='word_1_251' title='bbox 1458 1682 1648 1731; x_wconf 84' lang='lat' dir='ltr'>fraudem,</span> <span class='ocrx_word' id='word_1_252' title='bbox 1667 1695 1743 1735; x_wconf 87' lang='lat' dir='ltr'>qua</span> <span class='ocrx_word' id='word_1_253' title='bbox 1764 1694 1831 1735; x_wconf 90' lang='lat' dir='ltr'>per</span> <span class='ocrx_word' id='word_1_254' title='bbox 1845 1682 1928 1736; x_wconf 87' lang='lat' dir='ltr'>spe·</span> 
     </span>
     <span class='ocr_line' id='line_1_28' title="bbox 669 1735 1930 1791; baseline -0.002 -13"><span class='ocrx_word' id='word_1_255' title='bbox 669 1740 766 1778; x_wconf 87' lang='lat' dir='ltr'>ciem</span> <span class='ocrx_word' id='word_1_256' title='bbox 779 1738 950 1778; x_wconf 82' lang='lat' dir='ltr'>beneficii</span> <span class='ocrx_word' id='word_1_257' title='bbox 960 1738 1175 1791; x_wconf 85' lang='lat' dir='ltr'>quempiam</span> <span class='ocrx_word' id='word_1_258' title='bbox 1187 1737 1328 1776; x_wconf 85' lang='lat' dir='ltr'>irretiat</span> <span class='ocrx_word' id='word_1_259' title='bbox 1338 1737 1377 1775; x_wconf 70' lang='grc' dir='ltr'>δε</span> <span class='ocrx_word' id='word_1_260' title='bbox 1388 1735 1494 1789; x_wconf 85' lang='lat' dir='ltr'>quasi</span> <span class='ocrx_word' id='word_1_261' title='bbox 1503 1735 1609 1776; x_wconf 89' lang='lat' dir='ltr'>visco</span> <span class='ocrx_word' id='word_1_262' title='bbox 1618 1737 1752 1789; x_wconf 83' lang='lat' dir='ltr'>capiat.</span> <span class='ocrx_word' id='word_1_263' title='bbox 1764 1736 1823 1776; x_wconf 91' lang='lat' dir='ltr'>Sic</span> <span class='ocrx_word' id='word_1_264' title='bbox 1831 1737 1930 1776; x_wconf 82' lang='lat' dir='ltr'>Lao—</span> 
     </span>
     <span class='ocr_line' id='line_1_29' title="bbox 670 1790 1929 1844; baseline -0.003 -12"><span class='ocrx_word' id='word_1_265' title='bbox 670 1806 774 1832; x_wconf 86' lang='lat' dir='ltr'>coon</span> <span class='ocrx_word' id='word_1_266' title='bbox 788 1793 887 1844; x_wconf 81' lang='lat' dir='ltr'>apud</span> <span class='ocrx_word' id='word_1_267' title='bbox 899 1791 1055 1844; x_wconf 81' lang='lat' dir='ltr'>Virg.11</span> <span class='ocrx_word' id='word_1_268' title='bbox 1078 1792 1176 1831; x_wconf 89' lang='lat' dir='ltr'>Aen.</span> <span class='ocrx_word' id='word_1_269' title='bbox 1195 1813 1240 1820; x_wconf 97' lang='lat'>—</span> <span class='ocrx_word' id='word_1_270' title='bbox 1261 1791 1332 1829; x_wconf 85' lang='lat' dir='ltr'>ulla</span> <span class='ocrx_word' id='word_1_271' title='bbox 1343 1791 1476 1843; x_wconf 82' lang='lat' dir='ltr'>putatis</span> <span class='ocrx_word' id='word_1_272' title='bbox 1490 1793 1600 1829; x_wconf 84' lang='lat' dir='ltr'>Dona</span> <span class='ocrx_word' id='word_1_273' title='bbox 1614 1805 1722 1829; x_wconf 80' lang='lat' dir='ltr'>carere</span> <span class='ocrx_word' id='word_1_274' title='bbox 1742 1790 1828 1829; x_wconf 78' lang='lat' dir='ltr'>dolis</span> <span class='ocrx_word' id='word_1_275' title='bbox 1844 1793 1929 1829; x_wconf 82' lang='lat' dir='ltr'>Da·</span> 
     </span>
     <span class='ocr_line' id='line_1_30' title="bbox 672 1842 1938 1897; baseline -0.003 -12"><span class='ocrx_word' id='word_1_276' title='bbox 672 1849 776 1885; x_wconf 71' lang='lat' dir='ltr'>nasim</span> <span class='ocrx_word' id='word_1_277' title='bbox 786 1849 806 1884; x_wconf 84' lang='lat'><em>?</em></span> <span class='ocrx_word' id='word_1_278' title='bbox 822 1868 866 1875; x_wconf 94' lang='lat'>—</span> <span class='ocrx_word' id='word_1_279' title='bbox 882 1846 940 1884; x_wconf 81' lang='lat' dir='ltr'>Ita</span> <span class='ocrx_word' id='word_1_280' title='bbox 952 1847 1090 1884; x_wconf 86' lang='lat' dir='ltr'>Venus</span> <span class='ocrx_word' id='word_1_281' title='bbox 1105 1846 1141 1884; x_wconf 92' lang='lat' dir='ltr'>in</span> <span class='ocrx_word' id='word_1_282' title='bbox 1154 1843 1370 1883; x_wconf 87' lang='lat' dir='ltr'>suaviffimo</span> <span class='ocrx_word' id='word_1_283' title='bbox 1381 1844 1422 1883; x_wconf 87' lang='lat'>&amp;</span> <span class='ocrx_word' id='word_1_284' title='bbox 1437 1856 1526 1883; x_wconf 90' lang='lat' dir='ltr'>cum</span> <span class='ocrx_word' id='word_1_285' title='bbox 1540 1843 1724 1883; x_wconf 86' lang='lat' dir='ltr'>suavitate</span> <span class='ocrx_word' id='word_1_286' title='bbox 1736 1842 1850 1897; x_wconf 77' lang='lat' dir='ltr'>ipsius</span> <span class='ocrx_word' id='word_1_287' title='bbox 1860 1844 1938 1882; x_wconf 60' lang='lat' dir='ltr'>Kb·-</span> 
     </span>
     <span class='ocr_line' id='line_1_31' title="bbox 672 1895 1928 1949; baseline -0.001 -11"><span class='ocrx_word' id='word_1_288' title='bbox 672 1899 805 1949; x_wconf 59' lang='lat' dir='ltr'>‘srptsw</span> <span class='ocrx_word' id='word_1_289' title='bbox 822 1900 1060 1949; x_wconf 67' lang='grc' dir='ltr'>φιλάματος,</span> <span class='ocrx_word' id='word_1_290' title='bbox 1077 1899 1212 1937; x_wconf 81' lang='lat' dir='ltr'>Veneris</span> <span class='ocrx_word' id='word_1_291' title='bbox 1224 1898 1351 1949; x_wconf 70' lang='lat' dir='ltr'>oſsuli,</span> <span class='ocrx_word' id='word_1_292' title='bbox 1371 1898 1476 1949; x_wconf 87' lang='lat' dir='ltr'>quod</span> <span class='ocrx_word' id='word_1_293' title='bbox 1491 1898 1543 1936; x_wconf 85' lang='lat' dir='ltr'>ibi</span> <span class='ocrx_word' id='word_1_294' title='bbox 1558 1895 1738 1946; x_wconf 68' lang='lat' dir='ltr'>offertur,</span> <span class='ocrx_word' id='word_1_295' title='bbox 1756 1907 1928 1938; x_wconf 83' lang='lat' dir='ltr'>certante</span> 
     </span>
     <span class='ocr_line' id='line_1_32' title="bbox 670 1950 1927 2004; baseline -0.002 -12"><span class='ocrx_word' id='word_1_296' title='bbox 670 1953 822 1992; x_wconf 89' lang='lat' dir='ltr'>Moschi</span> <span class='ocrx_word' id='word_1_297' title='bbox 838 1953 1015 2003; x_wconf 84' lang='lat' dir='ltr'>Eidyllio‚</span> <span class='ocrx_word' id='word_1_298' title='bbox 1027 1953 1132 2003; x_wconf 86' lang='lat' dir='ltr'>quod</span> <span class='ocrx_word' id='word_1_299' title='bbox 1146 1950 1474 2003; x_wconf 72' lang='lat' dir='ltr'>inscribitur&#39;&#39;Epc05</span> <span class='ocrx_word' id='word_1_300' title='bbox 1489 1951 1699 2002; x_wconf 51' lang='grc' dir='ltr'><em>δραπέτης,</em></span> <span class='ocrx_word' id='word_1_301' title='bbox 1715 1953 1828 1990; x_wconf 87' lang='lat' dir='ltr'>Amor</span> <span class='ocrx_word' id='word_1_302' title='bbox 1828 1950 1927 2004; x_wconf 76' lang='lat' dir='ltr'>ficgi-</span> 
     </span>
     <span class='ocr_line' id='line_1_33' title="bbox 671 2003 1929 2058; baseline 0 -13"><span class='ocrx_word' id='word_1_303' title='bbox 671 2007 847 2054; x_wconf 67' lang='lat' dir='ltr'>tivus‚”Hv</span> <span class='ocrx_word' id='word_1_304' title='bbox 861 2006 904 2045; x_wconf 57' lang='lat' dir='ltr'>&lt;se</span> <span class='ocrx_word' id='word_1_305' title='bbox 917 2007 1012 2058; x_wconf 66' lang='grc' dir='ltr'>λέγῃ</span> <span class='ocrx_word' id='word_1_306' title='bbox 1027 2005 1152 2057; x_wconf 74' lang='grc' dir='ltr'><em>(Ἔρως</em></span> <span class='ocrx_word' id='word_1_307' title='bbox 1164 2004 1263 2055; x_wconf 88' lang='lat' dir='ltr'>scil.)</span> <span class='ocrx_word' id='word_1_308' title='bbox 1273 2005 1372 2049; x_wconf 68' lang='grc' dir='ltr'>Λάβε</span> <span class='ocrx_word' id='word_1_309' title='bbox 1380 2003 1528 2050; x_wconf 72' lang='grc' dir='ltr'>ταῦτα,</span> <span class='ocrx_word' id='word_1_310' title='bbox 1535 2004 1740 2057; x_wconf 67' lang='grc' dir='ltr'><strong><em>χαρίζομαι</em></strong></span> <span class='ocrx_word' id='word_1_311' title='bbox 1750 2005 1851 2044; x_wconf 71' lang='grc' dir='ltr'>ὅσσα,</span> <span class='ocrx_word' id='word_1_312' title='bbox 1861 2020 1929 2055; x_wconf 81' lang='grc' dir='ltr'>μοι</span> 
     </span>
     <span class='ocr_line' id='line_1_34' title="bbox 671 2057 1928 2113; baseline 0 -15"><span class='ocrx_word' id='word_1_313' title='bbox 671 2059 793 2107; x_wconf 66' lang='grc' dir='ltr'>ὅπλα,</span> <span class='ocrx_word' id='word_1_314' title='bbox 802 2058 897 2101; x_wconf 62' lang='grc' dir='ltr'>Μήτι</span> <span class='ocrx_word' id='word_1_315' title='bbox 907 2060 997 2113; x_wconf 59' lang='grc' dir='ltr'>θίγῃ</span> <span class='ocrx_word' id='word_1_316' title='bbox 1005 2075 1035 2107; x_wconf 83' lang='grc' dir='ltr'>ς,</span> <span class='ocrx_word' id='word_1_317' title='bbox 1048 2060 1179 2098; x_wconf 52' lang='lat' dir='ltr'>ornava</span> <span class='ocrx_word' id='word_1_318' title='bbox 1193 2057 1308 2110; x_wconf 63' lang='grc' dir='ltr'>ὃῶρσι·</span> <span class='ocrx_word' id='word_1_319' title='bbox 1319 2061 1372 2096; x_wconf 70' lang='grc' dir='ltr'>τὰ</span> <span class='ocrx_word' id='word_1_320' title='bbox 1382 2060 1460 2110; x_wconf 60' lang='grc' dir='ltr'>’γὰρ</span> <span class='ocrx_word' id='word_1_321' title='bbox 1471 2060 1557 2109; x_wconf 71' lang='grc' dir='ltr'>πυρὶ</span> <span class='ocrx_word' id='word_1_322' title='bbox 1570 2059 1705 2097; x_wconf 67' lang='grc' dir='ltr'>πάντα</span> <span class='ocrx_word' id='word_1_323' title='bbox 1715 2058 1928 2104; x_wconf 67' lang='grc' dir='ltr'>βέβαπτέιι.</span> 
     </span>
     <span class='ocr_line' id='line_1_35' title="bbox 669 2109 1927 2165; baseline -0.001 -13"><span class='ocrx_word' id='word_1_324' title='bbox 669 2113 774 2152; x_wconf 73' lang='lat' dir='ltr'><strong>IENs.</strong></span> <span class='ocrx_word' id='word_1_325' title='bbox 792 2109 958 2165; x_wconf 59' lang='grc' dir='ltr'>’Άὲωροὴ</span> <span class='ocrx_word' id='word_1_326' title='bbox 985 2113 1025 2152; x_wconf 93' lang='lat' dir='ltr'>In</span> <span class='ocrx_word' id='word_1_327' title='bbox 1047 2112 1268 2165; x_wconf 85' lang='lat' dir='ltr'>quibusdam</span> <span class='ocrx_word' id='word_1_328' title='bbox 1284 2111 1405 2151; x_wconf 91' lang='lat' dir='ltr'>Codd.</span> <span class='ocrx_word' id='word_1_329' title='bbox 1419 2111 1548 2162; x_wconf 59' lang='grc' dir='ltr'><em>ἄὲωραι</em></span> <span class='ocrx_word' id='word_1_330' title='bbox 1564 2112 1727 2150; x_wconf 87' lang='lat' dir='ltr'>inveniri</span> <span class='ocrx_word' id='word_1_331' title='bbox 1746 2110 1927 2151; x_wconf 85' lang='lat' dir='ltr'>testantur</span> 
     </span>
     <span class='ocr_line' id='line_1_36' title="bbox 668 2164 1930 2219; baseline -0.002 -13"><span class='ocrx_word' id='word_1_332' title='bbox 668 2167 807 2207; x_wconf 83' lang='lat' dir='ltr'>Galaei</span> <span class='ocrx_word' id='word_1_333' title='bbox 821 2167 1081 2212; x_wconf 64' lang='lat' dir='ltr'>Colleetanea‚</span> <span class='ocrx_word' id='word_1_334' title='bbox 1095 2179 1193 2219; x_wconf 83' lang='lat' dir='ltr'>quae</span> <span class='ocrx_word' id='word_1_335' title='bbox 1206 2165 1321 2205; x_wconf 82' lang='lat' dir='ltr'>etiam</span> <span class='ocrx_word' id='word_1_336' title='bbox 1336 2164 1440 2217; x_wconf 59' lang='lat' dir='ltr'>impet</span> <span class='ocrx_word' id='word_1_337' title='bbox 1455 2175 1690 2211; x_wconf 84' lang='lat' dir='ltr'>memorant,</span> <span class='ocrx_word' id='word_1_338' title='bbox 1707 2165 1746 2204; x_wconf 79' lang='grc' dir='ltr'>δι</span> <span class='ocrx_word' id='word_1_339' title='bbox 1759 2164 1930 2205; x_wconf 86' lang='lat' dir='ltr'>restituta</span> 
     </span>
     <span class='ocr_line' id='line_1_37' title="bbox 671 2217 1926 2273; baseline -0.002 -13"><span class='ocrx_word' id='word_1_340' title='bbox 671 2221 903 2273; x_wconf 90' lang='lat' dir='ltr'>Sophoclem</span> <span class='ocrx_word' id='word_1_341' title='bbox 916 2223 1012 2269; x_wconf 81' lang='lat' dir='ltr'>eius,</span> <span class='ocrx_word' id='word_1_342' title='bbox 1025 2233 1138 2272; x_wconf 87' lang='lat' dir='ltr'>quarn</span> <span class='ocrx_word' id='word_1_343' title='bbox 1154 2219 1358 2272; x_wconf 89' lang='lat' dir='ltr'>sequimur,</span> <span class='ocrx_word' id='word_1_344' title='bbox 1371 2219 1543 2258; x_wconf 75' lang='lat' dir='ltr'>leffionis</span> <span class='ocrx_word' id='word_1_345' title='bbox 1554 2217 1751 2257; x_wconf 68' lang='lat' dir='ltr'>auetorem</span> <span class='ocrx_word' id='word_1_346' title='bbox 1761 2217 1926 2258; x_wconf 86' lang='lat' dir='ltr'>laudant.</span> 
     </span>
     <span class='ocr_line' id='line_1_38' title="bbox 672 2268 1926 2326; baseline -0.002 -14"><span class='ocrx_word' id='word_1_347' title='bbox 672 2274 801 2314; x_wconf 82' lang='lat' dir='ltr'>Locus</span> <span class='ocrx_word' id='word_1_348' title='bbox 814 2274 1012 2326; x_wconf 87' lang='lat' dir='ltr'>Sophoclis</span> <span class='ocrx_word' id='word_1_349' title='bbox 1028 2275 1173 2326; x_wconf 85' lang='lat' dir='ltr'>integer</span> <span class='ocrx_word' id='word_1_350' title='bbox 1186 2273 1237 2312; x_wconf 85' lang='lat' dir='ltr'>fic</span> <span class='ocrx_word' id='word_1_351' title='bbox 1251 2272 1378 2312; x_wconf 83' lang='lat' dir='ltr'>habet:</span> <span class='ocrx_word' id='word_1_352' title='bbox 1398 2273 1500 2311; x_wconf 67' lang='grc' dir='ltr'>Ἀλλ’</span> <span class='ocrx_word' id='word_1_353' title='bbox 1513 2271 1738 2312; x_wconf 51' lang='lat' dir='ltr'>{arannem</span> <span class='ocrx_word' id='word_1_354' title='bbox 1754 2268 1772 2312; x_wconf 75' lang='grc' dir='ltr'><em>ἦ</em></span> <span class='ocrx_word' id='word_1_355' title='bbox 1793 2271 1926 2323; x_wconf 76' lang='grc' dir='ltr'><strong><em>βροτῶν</em></strong></span> 
     </span>
     <span class='ocr_line' id='line_1_39' title="bbox 671 2323 1930 2379; baseline -0.002 -13"><span class='ocrx_word' id='word_1_356' title='bbox 671 2330 871 2379; x_wconf 65' lang='grc' dir='ltr'>παροιμία,</span> <span class='ocrx_word' id='word_1_357' title='bbox 880 2328 1019 2379; x_wconf 69' lang='grc' dir='ltr'>ἐχθρῶν</span> <span class='ocrx_word' id='word_1_358' title='bbox 1030 2327 1163 2378; x_wconf 55' lang='grc' dir='ltr'>ἄδωρα,</span> <span class='ocrx_word' id='word_1_359' title='bbox 1173 2326 1278 2378; x_wconf 56' lang='lat' dir='ltr'>sapa</span> <span class='ocrx_word' id='word_1_360' title='bbox 1290 2326 1322 2364; x_wconf 75' lang='grc' dir='ltr'>κ’</span> <span class='ocrx_word' id='word_1_361' title='bbox 1334 2323 1399 2365; x_wconf 74' lang='grc' dir='ltr'>οὐκ</span> <span class='ocrx_word' id='word_1_362' title='bbox 1411 2325 1644 2375; x_wconf 72' lang='grc' dir='ltr'><strong><em>ὀνήσιμα.Μ.</em></strong></span> <span class='ocrx_word' id='word_1_363' title='bbox 1656 2325 1850 2377; x_wconf 84' lang='lat' dir='ltr'>vulgatam</span> <span class='ocrx_word' id='word_1_364' title='bbox 1862 2337 1930 2364; x_wconf 85' lang='lat' dir='ltr'>ex-</span> 
     </span>
     <span class='ocr_line' id='line_1_40' title="bbox 669 2378 1926 2432; baseline -0.002 -12"><span class='ocrx_word' id='word_1_365' title='bbox 669 2381 786 2421; x_wconf 87' lang='lat' dir='ltr'>hibet.</span> <span class='ocrx_word' id='word_1_366' title='bbox 800 2382 956 2421; x_wconf 76' lang='lat' dir='ltr'>SOLAN.</span> <span class='ocrx_word' id='word_1_367' title='bbox 982 2382 1038 2420; x_wconf 84' lang='lat' dir='ltr'>Ex</span> <span class='ocrx_word' id='word_1_368' title='bbox 1052 2381 1194 2420; x_wconf 87' lang='lat' dir='ltr'>Latinis</span> <span class='ocrx_word' id='word_1_369' title='bbox 1214 2380 1400 2432; x_wconf 81' lang='lat' dir='ltr'>permulta</span> <span class='ocrx_word' id='word_1_370' title='bbox 1418 2378 1604 2419; x_wconf 88' lang='lat' dir='ltr'>eiusmodi</span> <span class='ocrx_word' id='word_1_371' title='bbox 1618 2391 1839 2429; x_wconf 85' lang='lat' dir='ltr'>oxymora,</span> <span class='ocrx_word' id='word_1_372' title='bbox 1857 2389 1926 2424; x_wconf 89' lang='lat' dir='ltr'>ut,</span> 
     </span>
     <span class='ocr_line' id='line_1_41' title="bbox 674 2433 1925 2486; baseline -0.002 -13"><span class='ocrx_word' id='word_1_373' title='bbox 674 2437 849 2474; x_wconf 76' lang='lat' dir='ltr'>concordia</span> <span class='ocrx_word' id='word_1_374' title='bbox 863 2435 988 2486; x_wconf 80' lang='lat' dir='ltr'>discors</span> <span class='ocrx_word' id='word_1_375' title='bbox 996 2465 1008 2481; x_wconf 88' lang='lat'><strong>,</strong></span> <span class='ocrx_word' id='word_1_376' title='bbox 1019 2435 1188 2485; x_wconf 77' lang='lat' dir='ltr'>insaniens</span> <span class='ocrx_word' id='word_1_377' title='bbox 1191 2434 1360 2485; x_wconf 76' lang='lat' dir='ltr'>fhpientia</span> <span class='ocrx_word' id='word_1_378' title='bbox 1371 2464 1384 2480; x_wconf 86' lang='lat'><em>,</em></span> <span class='ocrx_word' id='word_1_379' title='bbox 1397 2434 1490 2472; x_wconf 85' lang='lat' dir='ltr'>dulce</span> <span class='ocrx_word' id='word_1_380' title='bbox 1505 2434 1646 2480; x_wconf 83' lang='lat' dir='ltr'>malum,</span> <span class='ocrx_word' id='word_1_381' title='bbox 1652 2434 1788 2486; x_wconf 81' lang='lat' dir='ltr'>strenua</span> <span class='ocrx_word' id='word_1_382' title='bbox 1804 2433 1925 2471; x_wconf 79' lang='lat' dir='ltr'>inertia</span> 
     </span>
     <span class='ocr_line' id='line_1_42' title="bbox 671 2484 1930 2540; baseline -0.004 -11"><span class='ocrx_word' id='word_1_383' title='bbox 671 2489 746 2529; x_wconf 75' lang='grc' dir='ltr'>διε.</span> <span class='ocrx_word' id='word_1_384' title='bbox 762 2489 898 2540; x_wconf 83' lang='lat' dir='ltr'>collegi</span> <span class='ocrx_word' id='word_1_385' title='bbox 915 2490 952 2527; x_wconf 87' lang='lat' dir='ltr'>in</span> <span class='ocrx_word' id='word_1_386' title='bbox 969 2489 1095 2527; x_wconf 84' lang='lat' dir='ltr'>libello</span> <span class='ocrx_word' id='word_1_387' title='bbox 1114 2488 1159 2526; x_wconf 93' lang='lat' dir='ltr'>de</span> <span class='ocrx_word' id='word_1_388' title='bbox 1173 2487 1325 2539; x_wconf 82' lang='lat' dir='ltr'>Ambig.</span> <span class='ocrx_word' id='word_1_389' title='bbox 1346 2488 1386 2527; x_wconf 74' lang='grc' dir='ltr'>δι</span> <span class='ocrx_word' id='word_1_390' title='bbox 1407 2497 1571 2528; x_wconf 80' lang='lat' dir='ltr'>contrat.</span> <span class='ocrx_word' id='word_1_391' title='bbox 1585 2486 1666 2526; x_wconf 86' lang='lat' dir='ltr'>Tit.</span> <span class='ocrx_word' id='word_1_392' title='bbox 1685 2484 1930 2526; x_wconf 85' lang='lat' dir='ltr'>ADIECTI·</span> 
     </span>
     <span class='ocr_line' id='line_1_43' title="bbox 674 2540 1374 2589; baseline -0.004 -8"><span class='ocrx_word' id='word_1_393' title='bbox 674 2544 713 2581; x_wconf 88' lang='lat' dir='ltr'><em>V</em></span> <span class='ocrx_word' id='word_1_394' title='bbox 715 2544 816 2589; x_wconf 74' lang='grc' dir='ltr'>ΠΜ,</span> <span class='ocrx_word' id='word_1_395' title='bbox 826 2542 867 2582; x_wconf 77' lang='grc' dir='ltr'>δι</span> <span class='ocrx_word' id='word_1_396' title='bbox 884 2543 1206 2582; x_wconf 74' lang='lat' dir='ltr'><strong>OXYMORON.</strong></span> <span class='ocrx_word' id='word_1_397' title='bbox 1230 2540 1374 2580; x_wconf 69' lang='lat' dir='ltr'>Rzrrz.</span> 
     </span>
    </p>
   </div>
  </div>
 </body>
</html>
