2015 3490
312 254 414 300 IN
480 250 1140 302 APOLOGIAM.
1274 270 1360 322 573

92 339 253 382 Retinui
267 342 363 394 περί·
381 355 469 382 nam
486 343 571 394 περὶ
583 342 692 382 πόθοι
708 343 753 382 de
766 344 945 384 omnibus
957 344 1046 391 dici,
1067 358 1166 398 quae
1178 356 1266 399 apta
1280 347 1367 386 sunt

91 397 133 435 ὅ(
152 396 413 444 conveniunt,
427 397 506 435 vid.
526 395 690 436 Casaub.
707 397 753 436 ad
767 397 966 451 Theophr.
991 399 1107 439 Char.
1126 412 1159 439 c.
1178 414 1194 453 ς
1216 402 1262 440 de
1280 400 1367 441 Ru-

92 448 272 495 incitate,
290 462 374 502 pag.
392 463 441 488 m.
460 449 544 503 138.
560 450 705 489 RErrz.
1230 478 1234 481 -

147 503 226 541 ibid.
241 503 389 542 Ἐκεῖνον
403 499 527 556 εἶναι)
544 504 600 542 Ex
611 506 683 543 W.
703 503 778 543 hoc
797 500 886 543 εἶναι
897 535 908 553 ,
930 505 1036 557 quod
1052 518 1072 544 a
1088 505 1241 558 reliquis
1263 507 1367 547 libris

92 555 206 596 abest.
222 556 382 596 SOLAN.
402 557 546 596 Indicat
566 557 744 606 Solanus,
765 556 833 596 sibi
848 558 885 596 in
901 558 1032 598 animo
1047 558 1151 599 fuiffe
1165 560 1255 600 iiiud
1270 557 1367 601 εἶναι

93 609 136 648 in
147 621 373 649 contextum
391 611 562 662 recipere
576 640 588 658 ‚
601 611 706 662 quod
722 622 762 650 ut
778 623 858 650 non
875 611 1043 664 ineptum
1057 642 1068 660 ‚
1081 613 1132 652 ita
1145 624 1271 653 tamen
1285 627 1366 654 non

92 663 206 716 plane
219 663 479 708 necessarium,
495 663 560 702 nisi
575 664 700 716 plures
710 664 832 704 Codd.
848 665 1036 712 addicant,
1052 667 1145 718 quia
1160 667 1272 707 facile
1285 667 1370 707 sub·

93 718 217 756 audiri
234 717 368 770 potest.
384 718 543 756 Mollius
554 729 682 757 tamen
697 717 758 757 hic
771 718 862 757 fluet
881 719 1008 758 oratio
1019 750 1030 768 ‚
1043 719 1070 758 fi
1082 720 1253 767 addatur,
1270 734 1369 774 pro<-

91 781 177 824 pter
192 771 271 810 duo
285 769 576 822 monosyllaba,
591 772 720 813 minus
740 773 946 811 commode
965 773 1168 826 periodum
1188 775 1367 815 clauden-

91 825 159 864 tia.
176 824 262 876 Qui
277 825 393 877 igitur
410 825 519 864 volet
530 855 543 870 ,
557 825 680 864 addat.
694 825 836 864 Rmz.

147 881 221 917 ead.
238 879 262 916 l.
280 892 337 917 10.
352 877 475 931 Ἕκὼν)
490 879 589 930 Lege
604 877 701 918 ἒκῶν.
717 879 857 918 BROD.
875 878 916 917 In
930 878 1090 919 MisceIl.
1102 880 1145 920 L.
1159 881 1216 920 IX
1229 912 1240 928 ,
1255 894 1288 921 c.
1306 894 1369 930 ¹4·

91 930 164 971 Sed
184 932 276 984 quid
294 931 358 971 fibi
377 932 492 979 velit,
514 931 657 985 assequi
677 945 757 972 non
774 932 945 986 poffum:
971 946 1060 973 nam
1075 946 1205 987 aperta
1220 934 1261 973 δι
1279 933 1368 975 sana

92 985 148 1025 est
159 986 313 1038 vulgata
328 985 455 1025 leffio.
473 986 620 1025 RfflTz.

147 1043 221 1078 ead.
238 1041 260 1078 l.
280 1054 335 1079 12.
349 1039 584 1079 ’Evsasbvvcov
599 1039 754 1093 φυγεῖν)
776 1040 851 1080 Hic
874 1039 976 1081 rthe
994 1040 1181 1094 interpres
1200 1042 1369 1082 Atticam

93 1092 270 1146 expressit
286 1093 507 1133 diffionem.
523 1094 698 1133 BOURD.

147 1150 221 1186 ead.
234 1149 257 1186 l.
273 1162 330 1202 15.
343 1147 398 1186 Εἰς
411 1151 588 1186 πλουσίου
604 1147 721 1201 τινος)
737 1143 846 1187 Οἶκον
866 1146 1064 1188 subaudio.
1084 1149 1223 1188 BROD.

147 1201 240 1253 Pag.
258 1215 345 1254 273.
360 1201 385 1240 l.
401 1215 435 1240 2.
450 1202 503 1239 Ἐν
515 1198 618 1254 ’γήρᾳ
634 1202 731 1249 &c.)
750 1201 801 1241 V.
816 1199 926 1255 supra
940 1202 985 1241 ad
998 1215 1031 1242 c.
1047 1216 1079 1241 1.
1095 1203 1253 1242 SOLAN.

149 1255 230 1294 ibid.
244 1254 358 1305 Ὑπὲρ
368 1257 430 1293 τὸν
443 1250 567 1308 οὗὲὸν)
585 1254 701 1305 Ὕπὲς
715 1258 776 1294 τὸν
787 1254 926 1308 ’γήραος
943 1251 1060 1296 οὗέὂν.
1071 1256 1209 1296 Erasm.
1228 1258 1269 1296 in
1282 1257 1369 1298 ada-

95 1308 188 1361 gio,
205 1309 322 1348 Limen
335 1308 495 1360 seneHae.
511 1309 651 1348 BRon.
677 1308 873 1362 Frequens
895 1309 991 1349 istud
1014 1311 1115 1362 apud
1133 1311 1367 1350 Homerum,

94 1363 262 1402 VORsT.
284 1364 403 1402 Hom.
425 1362 468 1402 11.
489 1368 543 1410 Ω,
558 1362 650 1411 487,
665 1362 707 1401 &
728 1362 867 1414 odyss.
889 1368 941 1410 O,
960 1365 1035 1411 246
1052 1365 1092 1404 &
1112 1378 1199 1417 347.
1213 1364 1372 1405 Hefiod.

95 1415 196 1469 'Ep-y.
211 1431 309 1470 329,
324 1415 388 1455 ἐπὶ
399 1414 538 1471 γήραος
555 1412 663 1466 ου’ἒξῦ.
678 1416 786 1456 Plato
800 1417 910 1456 etiam
927 1416 1016 1457 usus
1029 1416 1082 1457 est
1095 1417 1166 1458 hac
1181 1418 1307 1472 phrasi
1325 1429 1370 1458 ut

95 1481 141 1511 ut
152 1471 313 1524 po‘e‘tica.
322 1471 411 1510 Vid.
426 1471 537 1523 plura
550 1470 597 1510 ad
608 1469 703 1522 Ἕρμ.
719 1483 751 1509 c.
764 1484 827 1518 77.
844 1470 1001 1510 SOLAN.

150 1527 223 1564 ead.
238 1525 262 1563 l.
277 1538 315 1575 7.
329 1524 487 1578 Καινὴν)
507 1524 581 1565 Pro
602 1523 703 1564 κενὴν
719 1525 756 1562 ἰη
771 1523 874 1563 Flor.
897 1524 1105 1578 exemplari
1121 1525 1268 1565 erudita
1284 1539 1369 1566 rna-

99 1590 174 1618 nus
191 1577 363 1633 reposuit
383 1579 523 1627 κσιινὴν,
538 1578 645 1631 quod
662 1576 763 1618 forte
775 1578 864 1618 huic
878 1578 968 1618 loco
983 1580 1289 1620 convenientius.
1307 1581 1371 1619 In-

98 1643 246 1685 terpres
257 1645 418 1686 quoque
428 1663 438 1680 ,
457 1633 562 1684 quast
575 1630 718 1684 legisset
734 1631 872 1680 καινὴν,
886 1633 1026 1685 Ecquid
1037 1634 1157 1672 attinet
1171 1648 1294 1673 novam
1312 1650 1371 1674 ac-

97 1686 241 1739 cufimdi
255 1688 417 1726 rationem
431 1687 609 1738 adversum
623 1698 653 1724 te
665 1688 843 1739 quaerere?
859 1685 918 1726 sae
947 1699 969 1726 e
983 1702 1023 1725 αι
1039 1688 1080 1727 &
1098 1702 1114 1725 ε
1130 1687 1302 1728 confusa.
1318 1690 1372 1727 in-

98 1741 146 1780 de
160 1742 275 1780 toties
287 1737 404 1792 ἕτερος
417 1753 490 1794 pro
504 1740 659 1792 ἑταῖρος,
674 1741 715 1780 &
725 1752 774 1779 ex
790 1740 907 1779 adver
926 1753 973 1788 03
987 1741 1033 1779 de
1048 1754 1128 1793 quo
1139 1741 1236 1781 infra
1246 1742 1368 1794 plura.

97 1794 208 1834 IENs.
233 1793 361 1834 Καινὴν
389 1807 437 1834 ex
458 1795 682 1835 conieRura
704 1795 1066 1833 emendaveramus:
1089 1807 1175 1834 nam
1202 1798 1306 1849 quod
1336 1796 1375 1835 in

98 1849 268 1902 vulgatis
279 1849 418 1901 legitur
439 1848 555 1896 κενὴν,
578 1848 684 1887 nihili
697 1848 761 1888 est.
782 1848 897 1888 Nunc
916 1849 966 1887 ita
989 1849 1103 1888 etiam
1119 1850 1156 1888 in
1171 1849 1211 1888 L.
1228 1849 1300 1902 legi
1316 1850 1376 1888 vi·

99 1903 186 1943 deo.
205 1902 367 1942 Accedit
381 1915 540 1955 quoque
560 1903 606 1942 ad
624 1915 757 1942 veram
774 1900 994 1953 scripturam
1013 1903 1044 1941 Ι.
1060 1903 1117 1941 ed.
1137 1916 1237 1955 quae
1260 1903 1375 1943 habet

100 1957 167 1996 καὶ
180 1955 248 1997 νῦν·
263 1957 369 2010 quod
382 1955 580 1996 manifesto
593 1969 642 1996 ex
657 1956 780 1995 καίνὴν
794 1966 1022 2009 corruptum
1039 1955 1222 1996 sententia
1233 1957 1310 2010 ipsa
1322 1958 1375 1996 di-

99 2010 264 2063 ligenter
277 2009 442 2064 inspecta
456 2010 742 2051 demonstrabit.
765 2009 922 2049 SOLAN.
944 2009 1074 2050 Καινὴν
1089 2011 1184 2049 edidi
1206 2024 1254 2050 ex
1273 2012 1315 2051 L.
1335 2013 1377 2052 &

99 2063 267 2117 vestigiis
280 2065 372 2104 Iunt.
386 2077 489 2118 quae
506 2065 570 2104 καὶ
585 2063 641 2105 νῦν
653 2064 805 2103 duobus
821 2064 1041 2103 accentibus
1052 2094 1063 2112 ‚
1082 2063 1143 2102 sed
1161 2077 1260 2104 voce
1277 2078 1352 2105 una
1364 2095 1378 2115 ,

101 2118 281 2158 habebat.
296 2119 379 2159 Nec
400 2119 557 2167 dubito,
576 2119 702 2158 καινὴν
722 2119 761 2157 in
781 2117 853 2157 suis
873 2117 997 2157 Codd.
1017 2117 1142 2170 legiffe
1161 2118 1377 2159 Bourdelo-

101 2172 201 2211 tium
215 2173 254 2212 in
266 2173 351 2212 Par.
364 2172 421 2213 ed.
435 2173 525 2212 licet
535 2174 636 2213 enim
650 2182 779 2212 textus
790 2173 891 2210 κενὴν
903 2172 1093 2219 exhibeat,
1107 2183 1235 2212 tamen
1250 2189 1375 2213 novam

102 2225 233 2267 verfio
247 2227 383 2266 Latina
398 2227 578 2272 reddidit,
591 2239 708 2280 quam
723 2225 940 2266 verfionem
961 2226 1186 2265 Benedictus
1203 2239 1248 2265 ac
1258 2226 1379 2267 Grae-

101 2280 192 2320 vius
204 2293 383 2333 quoque,
399 2281 505 2334 quod
526 2281 758 2327 mirandum,
773 2281 986 2326 retinuere,
999 2280 1089 2319 dum
1104 2281 1258 2320 interim
1273 2281 1376 2322 κενὴν

103 2333 144 2373 in
159 2333 315 2374 Graeco
327 2335 386 2374 edi
403 2345 635 2388 paterentur.
654 2334 802 2373 Rmz.

160 2391 234 2427 ead.
246 2389 270 2427 l.
281 2402 317 2440 9.
332 2388 439 2428 Μισῶ
453 2388 651 2441 σοφιστὴν)
668 2388 858 2441 Euripidis
871 2386 1050 2426 senarius.
1070 2387 1208 2427 BROD.
1227 2387 1380 2439 Euripi-

103 2440 162 2480 dis
176 2441 330 2490 versus,
346 2441 439 2481 teste
454 2441 644 2482 Cicerone
657 2441 774 2494 Epist.
788 2442 832 2480 ad
847 2441 982 2481 Famil.
1004 2441 1117 2489 XIII,
1134 2454 1146 2479 1
1161 2454 1192 2490 5.
1209 2442 1375 2481 vonsr.

105 2494 168 2535 Ex
181 2495 339 2543 Medea3
353 2495 461 2549 (vide
473 2497 637 2536 eundem
653 2495 876 2543 Cicer.VII‚
892 2496 931 2543 6,
946 2494 1037 2534 &in
1054 2508 1144 2534 eum
1160 2495 1289 2534 locum
1306 2496 1380 2533 Vi-

106 2546 222 2591 &orii
241 2549 405 2605 notam)
419 2549 482 2593 sed
496 2563 586 2593 cum
601 2550 641 2593 in
659 2549 788 2592 nostra
809 2562 890 2591 non
908 2548 1053 2597 exstet,
1069 2559 1139 2591 aut
1160 2549 1270 2590 aliam
1293 2548 1379 2590 Meo
