2015 3490
626 229 762 332 ιώ
868 250 1790 324 ANNQTATtONES-

721 353 794 389 ead.
812 350 834 389 l.
856 350 916 389 16.
931 354 1006 389 ΚΤ.
1021 346 1096 390 Εἶτ’
1114 347 1150 388 οὗ
1163 349 1181 403 )
1194 351 1326 389 Verba
1338 351 1435 390 haec
1449 351 1488 390 in
1509 351 1590 391 edd.
1606 352 1738 392 Parcae
1750 352 1940 394 'tribuuns
1975 386 1981 390 .

664 416 742 445 tur.
760 404 965 443 Rationem
986 404 1263 443 emendationis
1283 404 1436 444 nostrae
1454 418 1503 444 ex
1524 405 1768 458 sequentibus
1782 407 1938 448 sumito.

664 459 712 499 In
725 459 753 497 F
757 459 780 497 1.
796 471 873 496 una
890 457 1010 496 exstat
1030 458 1138 496 litera
1154 461 1193 496 K.
1212 457 1299 497 hinc
1318 457 1570 498 festinantium
1587 472 1792 512 operarum
1814 474 1939 501 error.

667 513 767 552 Mox
781 512 920 550 iterum
935 522 1021 550 ante
1034 510 1232 564 τοιγαροῦν
1244 525 1316 564 pro
1333 517 1471 551 ΚΛΩΘ.
1484 525 1627 564 repone
1639 518 1712 552 ΚΥ.
1724 514 1882 554 SOLAN.

726 566 813 618 Ptzg.
832 579 916 616 192.
935 566 957 602 l.
977 579 1009 616 5.
1031 565 1435 619 Hpoceomwo'emvo-oe)
1447 566 1739 619 Megapenthes,
1760 567 1940 608 intentari

666 619 736 658 sibi
747 620 795 658 ab
810 617 986 669 Cynisco
1000 618 1184 670 quopiam
1199 618 1333 658 videns
1343 621 1508 675 verbera
1518 651 1530 665 ‚
1545 620 1636 659 dicit
1651 621 1704 667 ei,
1721 618 1785 660 οὐκ
1806 622 1882 675 ἐγώ
1896 630 1940 662 σε

669 674 801 725 πρώην,
817 672 874 710 ’ότι
890 670 1063 723 ἐλεύθερος
1077 670 1200 725 ἄγαν,
1212 673 1279 710 καὶ
1291 671 1444 724 τραχὺς
1459 675 1558 713 ᾖσθα
1570 674 1634 712 καὶ
1646 674 1914 725 {vra-ruffinum&
1926 704 1941 721 ,

665 725 796 779 μικροῦ
810 724 888 764 δεῖν
901 725 1302 777 ’προσεπαττάλευσας
1316 727 1442 764 Nonne
1454 740 1513 778 ego
1525 739 1555 766 te
1568 742 1686 780 nuper,
1695 731 1788 781 quod
1795 729 1894 767 valde
1904 729 1942 766 li-

670 783 742 820 bere
754 781 788 818 6³
800 778 913 832 aspere
924 793 1051 831 ageres,
1063 795 1105 818 ac
1119 780 1293 818 identidem
1309 780 1510 833 obiurgat-es,
1524 782 1614 820 cruci
1618 785 1856 834 propemodum
1866 781 1942 835 affi-

668 837 706 873 xi
717 837 738 872 ,Ρ
749 834 925 874 Graecus
937 834 1136 886 interpres,
1153 833 1553 886 Προσεπατταλευσα]
1571 835 1628 874 Εἰς
1643 836 1848 875 πάσσαλον
1863 834 1944 875 ἐ’ἓυῆ

668 903 744 936 σα,
764 888 847 925 ἀντὶ
868 884 933 925 τοῦ
955 886 1235 938 ἀνεσταύρωσα.
1253 886 1314 926 Sic
1337 887 1550 939 legendum.
1572 887 1774 940 Perperam
1795 889 1834 928 in
1853 889 1942 928 edit.

666 955 743 996 pro
755 940 883 995 primis
893 941 1024 980 tertiae
1034 940 1171 979 dantur
1182 939 1365 992 personae
1374 970 1385 987 ‚
1399 940 1513 980 {svo-e
1522 955 1595 993 pro
1604 941 1728 981 ἔθυσα
1739 943 1816 982 διε.
1831 943 1941 983 IENS.

724 999 798 1035 ead.
813 995 836 1033 l.
855 1008 912 1047 15.
928 993 1072 1045 Θαῦμα
1083 993 1174 1047 ’γοῦν
1189 993 1273 1046 ἔχει
1284 994 1352 1047 με)
1366 994 1484 1034 Hom.
1499 994 1575 1034 Od.
1591 1000 1634 1042 K,
1651 997 1738 1049 326.
1753 996 1914 1037 SOLAN.

723 1050 817 1102 Pag.
836 1062 919 1101 193.
934 1048 959 1102 l„
975 1063 1010 1087 2.
1026 1047 1174 1100 ΔωρεΞι)
1187 1047 1264 1087 Od.
1278 1053 1325 1093 T,
1341 1047 1427 1100 389.
1442 1048 1571 1089 GESN.

724 1107 799 1142 ead.
813 1104 835 1140 l.
853 1116 885 1154 3.
899 1102 1037 1155 Οὑτιν)
1055 1102 1142 1140 Vid.
1155 1103 1274 1143 Hom,
1285 1101 1424 1153 Odyff.
1437 1102 1473 1151 Ι,
1487 1103 1582 1156 368:
1598 1096 1711 1142 Οὖτιν
1722 1103 1799 1157 ἐγὼ
1811 1103 1945 1154 πύμα-

671 1172 736 1197 τον
749 1156 887 1206 {svp-ou
906 1157 1011 1206 μετὰ
1025 1151 1077 1194 οἷς
1089 1153 1256 1207 ἑτάροισι
1269 1184 1280 1202 ,
1295 1156 1491 1202 Neminem,
1508 1156 1529 1195 i.
1548 1170 1581 1196 e.
1599 1156 1775 1208 Ulyssem
1785 1188 1798 1204 ‚
1812 1173 1869 1212 ego
1883 1174 1943 1197 exa

670 1224 809 1251 tremum
821 1212 931 1258 edam,
942 1208 1108 1263 postsuos
1117 1209 1242 1260 sbct'os.
1257 1209 1402 1249 Indicat
1412 1211 1524 1249 etiam
1535 1210 1654 1250 Brod.
1667 1210 1773 1251 Misc.
1786 1211 1945 1261 LVIII,

669 1279 705 1307 c.
724 1279 739 1304 1
749 1279 770 1304 2
782 1295 794 1310 ‚
810 1264 913 1303 hunc
925 1262 1023 1303 vers.
1041 1264 1077 1301 in
1091 1262 1229 1314 Odyff.
1243 1263 1544 1316 [quaerendum.
1557 1264 1706 1303 Rmz.

725 1321 799 1358 ead.
811 1319 833 1356 l.
848 1319 884 1357 6.
894 1318 953 1356 Ἐκ
968 1317 1170 1368 Σιαμέτρου
1185 1315 1283 1367 ἣμῶν
1296 1316 1328 1356 οἱ
1340 1317 1427 1370 βίοι)
1441 1316 1581 1356 Erasmi
1597 1318 1785 1358 chiliades
1796 1319 1832 1358 in
1849 1319 1946 1358 ada-

674 1374 738 1426 gio
754 1375 818 1412 Ex
832 1372 991 1411 diametro
1006 1373 1202 1423 oppofitum.
1215 1372 1354 1411 BROD.
1371 1370 1443 1411 Ms.
1463 1368 1559 1422 ἡμῖν.
1582 1371 1767 1413 Proverb.
1778 1372 1850 1413 τῶν
1869 1372 1948 1413 ’,τίω

671 1442 711 1467 νυ
724 1425 980 1479 ἓιαφερὸντων.
997 1425 1171 1465 BOURD.

726 1483 800 1519 ead.
823 1481 845 1520 l.
870 1493 884 1518 1
897 1494 929 1519 1.
957 1477 1008 1518 Οὐ
1033 1481 1113 1533 «γὰρ
1141 1474 1212 1519 ois'
1231 1477 1357 1533 ὅπως)
1382 1478 1664 1533 Interpungunt
1687 1480 1790 1520 hunc
1812 1479 1947 1520 locum

675 1534 929 1576 Grammatici
941 1565 953 1581 ‚
968 1534 1009 1573 δι
1025 1534 1096 1573 dici
1110 1533 1252 1572 volunt
1265 1529 1329 1572 οὐκ
1344 1531 1434 1573 om
1447 1537 1527 1588 γὰρ
1538 1534 1652 1574 ὅπως.
1665 1534 1840 1574 BouRD.

728 1593 803 1628 ead.
817 1590 839 1627 l.
849 1602 862 1626 1
873 1603 905 1627 2.
917 1586 1178 1641 Προσέχεται)
1192 1586 1335 1626 Forsan
1347 1588 1501 1627 Lucian.
1514 1588 1655 1627 dederit
1669 1588 1949 1640 προσίσχεται,

675 1643 782 1696 quod
795 1643 855 1682 hic
867 1642 1056 1683 efficacius
1069 1641 1235 1687 videtur,
1248 1652 1291 1680 ut
1302 1643 1401 1694 apud
1413 1642 1608 1694 Aristoph.
1621 1642 1716 1681 Plut.
1735 1637 1949 1695 ιο97εὮσ-

674 1711 746 1747 ’,περ
769 1698 894 1735 λεπὰς
913 1696 968 1745 τῷ
984 1694 1161 1747 μειρακίῳ
1182 1695 1462 1747 προσίσχεται,
1480 1697 1586 1749 instar
1608 1698 1726 1748 ostreae
1747 1695 1949 1747 adolescenti

676 1751 786 1803 affixa
800 1753 851 1803 est.
873 1751 965 1789 Non
986 1761 1113 1789 tamen
1127 1761 1273 1788 moveo
1285 1750 1507 1802 vulgatam,
1524 1762 1614 1789 nam
1635 1750 1672 1789 in
1691 1750 1821 1790 eadem
1837 1751 1948 1790 locu·

673 1816 784 1844 tione
799 1805 1065 1856 προσέχεσὲῑαι
1078 1803 1191 1842 etiam
1204 1802 1356 1843 adhibet
1368 1804 1466 1843 idem
1481 1803 1566 1844 Ves
1563 1817 1598 1856 p.
1610 1817 1696 1858 105.
1706 1804 1855 1844 Rmz.

681 1888 685 1889 γ
730 1860 825 1911 Pag.
843 1872 928 1911 194.
941 1859 1007 1910 l.3.
1019 1857 1186 1910 Ἀμέλει)
1199 1857 1287 1896 Vid.
1301 1856 1413 1910 supra
1427 1870 1460 1897 c.
1476 1872 1519 1911 13
1535 1871 1584 1896 m.
1598 1857 1676 1910 bui.
1687 1857 1788 1898 Dial.
1799 1859 1947 1898 Rmz.

731 1916 804 1951 ead.
821 1914 845 1951 l.
859 1926 896 1962 7.
908 1910 1180 1964 Ἀποβλὲπειν)
1196 1911 1285 1951 Hoc
1301 1911 1354 1950 est
1364 1942 1376 1958 ,
1391 1913 1495 1962 quod
1511 1923 1657 1950 extrema
1669 1913 1759 1951 linea
1771 1929 1883 1952 amare
1894 1913 1950 1956 di·⁴

676 1965 731 2007 cit
742 1966 805 2006 ille
817 1966 1074 2006 Terentianus
1087 1965 1265 2004 Phaedria
1277 1996 1288 2013 ,
1302 1965 1397 2004 Eun.
1410 1966 1485 2012 IV,
1499 1980 1520 2004 2
1532 1996 1545 2012 ,
1562 1980 1576 2004 1
1588 1981 1621 2005 2.
1643 1965 1772 2006 stn.

731 2023 804 2060 ead.
822 2021 844 2059 l.
861 2035 874 2059 1
885 2035 919 2072 3.
932 2019 1142 2072 Καττυμα)
1159 2019 1246 2058 Vid.
1263 2020 1506 2072 interpretem
1521 2019 1716 2072 Aristoph.
1726 2021 1894 2060 VORST.
1920 2056 1926 2065 ,

732 2075 824 2126 Pag.
841 2087 926 2125 195.
941 2075 963 2112 I.
977 2088 1013 2121 4.
1025 2073 1251 2126 Ἰσοτιμίαν)
1265 2074 1375 2113 Hanc
1389 2074 1490 2126 apud
1509 2072 1654 2113 inferos
1668 2075 1864 2127 aequalem
1877 2073 1951 2114 ho⁴

677 2129 787 2168 noris
801 2127 923 2167 sedem
936 2157 947 2172 ,
963 2126 1013 2167 fic
1027 2127 1114 2166 alibi
1130 2139 1246 2167 vocat
1256 2127 1292 2166 in
1306 2127 1409 2167 Dial.
1426 2128 1546 2167 Mort.
1560 2128 1600 2167 δι
1614 2127 1744 2181 postea
1757 2140 1844 2182 pag.
1857 2137 1950 2182 231,

671 2182 721 2221 -&
739 2181 884 2236 passim.
903 2182 1078 2221 Bonan.

681 2271 685 2276 .
735 2239 806 2275 ead.
823 2237 846 2274 l.
859 2236 894 2275 8.
908 2235 1005 2275 Mns’
1021 2232 1114 2289 ὑπὸ)
1129 2235 1186 2274 Ita
1200 2234 1300 2275 reste
1313 2234 1385 2276 Ms.
1399 2235 1479 2276 Ox.
1493 2234 1664 2288 Impreffi
1678 2233 1762 2286 μηθ’
1775 2233 1862 2276 ὑπό.
1874 2233 1949 2274 So·

680 2301 780 2329 LAN.
794 2290 858 2336 An
872 2303 950 2328 non
963 2290 1151 2342 cogitavit
1163 2290 1276 2342 igitur
1291 2290 1476 2336 Solanus‚
1492 2302 1613 2343 aeque
1623 2289 1719 2340 μήτε
1734 2289 1803 2329 dici
1817 2302 1862 2329 ac
1879 2303 1953 2339 μη·

682 2343 748 2392 ἑὲ,
764 2344 864 2384 Cum
881 2357 979 2383 vero
992 2344 1081 2383 illud
1098 2343 1180 2394 μήθ’
1191 2343 1235 2382 fit
1249 2357 1268 2383 a
1279 2342 1374 2393 μήτε
1386 2374 1398 2390 ,
1412 2345 1513 2384 reete
1529 2357 1597 2396 per
1609 2344 1625 2382 θ
1638 2343 1884 2392 scribebatur,
1896 2343 1951 2382 ob

682 2397 902 2451 sequentem
917 2397 1154 2445 adspiratam.
1168 2399 1287 2437 Hom.
1304 2396 1343 2435 11.
1357 2403 1401 2443 H,
1416 2411 1509 2445 401,
1524 2395 1608 2438 Miie‘
1622 2396 1759 2436 Ἑλένην
1776 2419 1819 2427 -
1834 2396 1874 2436 δι
1889 2396 1955 2435 ali·

683 2452 745 2495 bi,
760 2455 865 2504 quod
881 2453 1054 2502 pluribus
1075 2465 1153 2491 non
1172 2452 1317 2504 probo,
1338 2453 1430 2504 quia
1450 2465 1497 2491 ex
1519 2451 1869 2492 Grammaticorum
1890 2463 1953 2489 ca-

683 2507 849 2545 nonibus
862 2517 1011 2544 notum.
1026 2507 1086 2545 Sic
1105 2502 1189 2543 οὐδὲ
1205 2506 1245 2544 &
1262 2504 1373 2551 οὔτε,
1387 2518 1557 2558 quorum
1577 2505 1762 2558 posterius
1782 2503 1951 2543 similiter

683 2561 819 2601 eodem
840 2559 931 2600 casu
952 2559 994 2599 fit
1017 2556 1099 2601 οὐθ’.
1113 2559 1291 2613 Theogn.
1315 2559 1408 2611 178,
1434 2581 1477 2590 -
1495 2556 1567 2600 οὗθ’
1588 2556 1690 2613 ἔρξαι
1708 2557 1884 2601 suivant.
1899 2559 1957 2597 At
