2015 3490
237 261 307 306 IN
342 262 427 309 DE
461 261 763 312 MERCEDE
800 261 1180 310 CONDUCTIS.
1257 278 1339 328 555

80 348 190 400 μένου
204 351 449 403 παρακούσας
468 365 532 389 του
555 350 598 390 Σο
584 351 758 399 σσπότου,
781 350 1003 403 προέριιμὼν
1022 366 1086 389 nou
1110 353 1345 403 προμηνύσας

85 402 321 454 ἀπέρχεται.
347 407 382 443 E
385 417 398 442 ε
408 405 536 456 primus
552 406 678 457 quidem
690 406 802 452 illico,
822 406 1003 444 etiamnum
1022 409 1224 470 cunHamem
1240 407 1345 445 domi-

83 472 164 500 num
173 458 325 503 audiens,
333 472 547 510 praecurrens
556 470 633 497 ante
646 460 734 498 alios
743 470 889 500 nuntiat.
901 459 1050 518 Vulgo,
1063 459 1129 497 m}
1143 459 1158 497 ὃ
1171 458 1246 508 μὲν
1250 476 1345 509 πρω-

82 524 159 557 τος,
175 506 303 550 εὗθὺς
290 512 609 560 επισκεπτομένου
623 511 868 563 παρακούσας
879 527 945 550 του
962 512 1171 557 secvta-tou,
1185 527 1251 563 προ
1238 512 1343 564 spa

81 565 168 614 μών.
188 564 376 604 Verrunt.
400 580 442 603 ac
456 566 589 615 primus
603 566 744 626 quidem,
758 580 813 618 qut
806 565 940 617 statim
953 566 990 604 id
1002 564 1047 615 [τ
1050 581 1117 604 cere
1132 568 1342 618 destinantem

74 616 346 668 subauftzltarit
354 619 537 666 dominum,
547 619 745 670 praecurrit,
753 619 908 671 priorque
918 630 1036 657 monet.
1052 619 1275 668 Σκέπτομοιι
1287 619 1340 658 est

77 671 255 717 eunom,
268 671 418 712 dubito:
437 671 536 712 unde
553 674 767 718 σκεπτικοὶ,
781 673 905 725 quide
918 672 1094 711 omnibus
1108 672 1343 713 dubitabant.

81 723 254 764 GRAEv.

134 782 207 817 ead.
223 780 246 818 l.
261 793 292 831 3.
303 774 383 818 Ἐτι
405 778 567 831 σκεπτ.)
586 773 668 817 ’‘E-n
688 779 942 829 σκεπτομένου
961 779 1000 817 in
1016 778 1066 819 G.
1081 778 1174 818 &L.
1190 779 1344 831 legitur,

79 832 187 884 quod
211 833 350 873 merito
369 833 461 872 viro
485 830 635 871 summo
655 833 820 885 placuit,
846 843 981 884 utpote
1004 833 1111 884 quod
1138 844 1343 885 corruptae

79 898 105 922 v
110 885 276 939 ulgatae'
266 887 542 935 επισκεπτομέι
545 900 583 922 ου
593 886 816 926 medicinam
829 885 966 925 afferre
976 885 1277 925 commodiffime
1290 901 1344 924 vi-

80 918 173 978 sumo
178 938 233 978 sit.
245 938 342 978 Cod.
357 939 395 978 P.
411 938 520 979 aliam
535 938 758 1003 scripturam
775 940 946 986 exhibet,
963 953 1080 1004 quam
1096 939 1191 979 olim
1206 939 1345 992 seque-

79 991 162 1042 bar,
176 1005 313 1046 nempe
327 993 667 1042 ἑπισκηπτομένου,
684 994 771 1045 quia
787 1005 927 1032 vocem
942 991 1168 1033 ἐπισκήπτει»
1185 993 1277 1032 vel-¹
1264 1008 1343 1032 :m

79 1059 306 1097 σκηπτομοιι
321 1049 360 1084 de
375 1028 613 1087 mandantibus
626 1046 817 1099 eleganter
832 1046 1020 1099 usurpari,
1034 1046 1097 1087 vel
1110 1047 1250 1086 Lexica
1264 1047 1341 1099 ipsa

78 1098 164 1139 satis
175 1100 339 1149 docent3
350 1100 406 1139 adi
419 1110 547 1140 tamen
560 1112 631 1139 nos
642 1100 686 1139 ad
685 1079 845 1152 Catapl.
860 1099 898 1147 8,
909 1100 973 1140 ubi
986 1100 1032 1139 de
1045 1113 1090 1140 ea
1105 1100 1234 1152 plura:
1249 1115 1344 1139 man-

77 1157 194 1196 datum
207 1166 333 1194 autem
347 1154 407 1194 hic
420 1154 575 1206 intelligi
588 1154 794 1194 commode
807 1131 925 1206 posse,
941 1169 1077 1199 munus,
1090 1167 1174 1206 quo
1187 1156 1342 1193 nuntius

78 1221 172 1248 mox
184 1208 362 1255 donatur,
376 1207 460 1247 satis
475 1208 631 1248 evincit.
654 1208 768 1247 Nunc
782 1217 909 1250 autem
925 1207 981 1247 ἐτι
995 1209 1249 1257 σκεπτομένου
1262 1221 1343 1246 ma-

77 1262 133 1312 gis
148 1262 286 1315 probo.
307 1263 343 1300 V
349 1275 403 1300 ox
419 1262 704 1311 ἐπισκέπτομοω
721 1275 791 1313 pro
807 1262 971 1311 considero
984 1262 1083 1312 apud
1095 1261 1341 1300 Aristotelem

75 1313 274 1368 frequens,
297 1315 380 1356 Eth.
397 1315 481 1354 Nic.
500 1329 535 1367 p.
551 1329 601 1353 m.
616 1331 641 1363 4
653 1314 698 1354 C.
715 1329 765 1355 20
781 1315 830 1354 A.
852 1328 924 1354 120
936 1314 981 1355 C.
997 1315 1056 1355 Sic
1078 1314 1216 1354 Noster
1227 1316 1339 1355 etiarn

75 1369 232 1422 usurpat
250 1346 408 1420 iimplex
420 1370 644 1417 σκέπτομαι
656 1368 743 1408 ’.Ιστ
756 1370 805 1415 β,
817 1381 850 1407 c.
868 1382 933 1415 10,
955 1365 1098 1418 Δήμων.
1116 1381 1148 1408 c.
1169 1383 1229 1421 57,
1242 1368 1339 1419 Ἑρμ.

73 1435 106 1463 c.
127 1437 172 1475 50
184 1424 258 1474 &7
234 1438 298 1476 73
314 1423 470 1463 SOLAN.
485 1421 595 1473 Quid
607 1422 633 1462 fi
645 1422 968 1473 ἐπισκηψοιμέιου,
981 1422 1155 1471 iubente,
1174 1423 1214 1462 δε
1227 1435 1342 1462 man-

72 1476 184 1516 dante
200 1476 388 1517 familiae?
411 1476 542 1517 GESN.

125 1534 197 1570 ead.
209 1532 232 1570 I.
247 1532 284 1570 6.
301 1530 530 1582 Κομίζοντες)
545 1530 696 1568 Pallium
709 1529 898 1581 defferentes.
925 1529 1063 1568 BROD.

126 1585 206 1625 ibid.
227 1587 361 1623 Πολλὰ
381 1583 483 1637 εἷπε)
509 1584 647 1636 Multos
659 1586 698 1622 de
710 1596 741 1622 te
759 1587 855 1637 apud
869 1584 1037 1623 dominum
1051 1582 1220 1635 skimorte-5
1235 1583 1334 1634 ficit.

72 1638 212 1681 BROD.

125 1695 198 1731 ead.
211 1693 236 1731 l.
246 1705 283 1742 7.
297 1691 366 1730 Καὶ
378 1687 425 1731 ὣς
437 1691 677 1744 ἐπιτραπεὶς)
696 1693 822 1744 thue,
837 1705 910 1729 cum
925 1691 964 1730 id
970 1689 1108 1731 arbitrio
1121 1690 1192 1729 eius
1198 1690 1334 1741 permifi

65 1745 144 1798 sitm
157 1745 252 1796 effla,
266 1757 303 1784 ut
317 1748 408 1798 quod
419 1746 516 1784 vellet
529 1746 756 1784 indumentum
768 1747 817 1783 ad
825 1757 856 1782 te
867 1744 1014 1795 deferret.
1031 1745 1170 1784 BROD.
1194 1743 1332 1796 Perpe-

69 1813 150 1840 ram
176 1798 378 1847 Erasmus,
399 1802 674 1851 quemadmodum
700 1801 885 1838 adhortans
907 1799 1127 1840 commodiora
1142 1799 1328 1850 sicbieceric.

70 1853 312 1894 concinnius
321 1853 569 1898 Benedictus,
584 1866 622 1891 ut
627 1854 694 1904 fibi
707 1855 789 1891 dato
800 1852 938 1891 arbitrio
951 1853 1171 1891 commodiora
1175 1851 1258 1902 sub
1261 1867 1330 1890 ece-

70 1908 126 1954 rit,
138 1907 204 1947 etfi
219 1906 429 1968 posteriora
443 1907 538 1947 haec
551 1905 624 1946 sint
638 1906 852 1969 singularia.
864 1904 981 1945 Certe
990 1905 1125 1945 clarius
1140 1906 1181 1944 ὅ(
1195 1904 1331 1967 simpli

69 1962 150 2004 cius
163 1961 262 2001 verti
281 1970 432 2013 poterat
442 1959 700 2013 debebatque,
720 1970 763 1999 ut
774 1958 962 2011 adscripfit
977 1970 1095 2011 pater,
1109 1973 1182 1998 cum
1194 1959 1222 1997 ei
1238 1975 1329 1998 com-

68 2015 200 2067 mifficm
214 2015 289 2078 fft
306 2015 474 2066 negotium
483 2044 497 2061 ‚
511 2015 733 2077 pulchriorem
748 2013 811 2053 vel
825 2013 982 2066 optimam
997 2015 1110 2065 vestem
1125 2013 1261 2065 elegerit.
1282 2012 1327 2050 In

69 2069 248 2134 Nigrino,
258 2068 288 2109 οἱ
299 2083 372 2108 τοις
383 2069 515 2109 πόλεις
527 2067 850 2120 ἐπιτετραμμένοι.
864 2066 907 2105 In
919 2067 1117 2119 Apologia
1131 2066 1241 2105 huius
1255 2066 1330 2104 dia-

68 2101 163 2175 logni,
175 2119 212 2162 οὗ
224 2134 377 2174 φοιυλοιι
389 2121 559 2169 ἐλπίδες,
575 2122 606 2161 εἰ
618 2124 670 2160 τὰ
683 2121 809 2160 εἰκότα
824 2122 1011 2188 ἳίγνοιτο,
1029 2121 1119 2158 ἀλλ’
1137 2119 1256 2159 ξ’Θνος
1247 2134 1329 2158 eart-

69 2190 269 2245 τραπῆναι.)
277 2176 321 2215 In
331 2176 449 2218 modo
460 2174 658 2216 Conscrib
670 2174 799 2214 histor.
809 2178 878 2213 οἱος
887 2189 977 2213 κοιι
965 2174 1327 2227 πράγμασιχρὴσοι-

68 2228 225 2277 chath,
240 2229 269 2269 εἰ
283 2229 516 2282 ἐπιτραπείη.
530 2229 578 2269 Et
593 2229 683 2268 alibi
696 2228 928 2268 ufitatiffima
941 2227 994 2266 est
1008 2227 1170 2267 locutio.
1182 2226 1328 2268 GRON

117 2284 199 2323 ibid.
209 2286 256 2322 Tb
269 2283 418 2326 κάλλιον
429 2283 658 2336 ἐπελέξατο)
676 2284 849 2333 Optimum
860 2283 920 2321 tibi
933 2282 1059 2334 delegit.
1074 2281 1214 2323 BROD.

117 2338 196 2376 ibid.
211 2337 382 2389 Διεξιων)
399 2339 675 2376 commemorans.
697 2337 836 2376 BROD.

118 2392 191 2430 ead.
206 2391 230 2430 l.
243 2390 280 2430 8.
293 2390 492 2443 Λαβόντες)
508 2392 651 2444 Aliquot
662 2407 685 2429 a
698 2403 728 2428 te
745 2390 883 2428 extortis
901 2390 1036 2441 affibus.
1060 2388 1200 2427 BROD.

118 2446 191 2483 ead.
210 2446 233 2487 l.
249 2458 286 2498 9.
308 2443 566 2497 Βρενθυόμενοι)
591 2445 730 2484 Narrat
749 2443 901 2491 Noster,
924 2441 1270 2495 quemadmodum,
1291 2440 1321 2479 fi

62 2497 243 2537 Mercede
256 2497 466 2538 conductus
477 2497 578 2538 festis
591 2498 725 2537 diebus
736 2497 960 2536 donativum
974 2495 1129 2547 aliquod
1144 2494 1322 2547 pusillum

62 2552 109 2594 ab
126 2552 283 2596 domino
298 2551 479 2608 accipiat,
502 2552 617 2596 etiam
636 2549 858 2596 munuscula
879 2559 1058 2603 oporteat
1071 2550 1181 2594 dare
1174 2561 1235 2594 ns,
1251 2548 1319 2601 qui
