2015 3490
658 192 750 292 3&
849 224 1719 274 ANNoTATIONEs

656 316 716 355 nis
727 314 779 353 est
789 312 965 367 frequens
980 313 1148 366 ἐκλέγειν
1159 313 1289 364 φὸρους
1303 313 1368 353 vel
1379 313 1496 353 τέλος.
1510 313 1603 353 Poll.
1615 314 1708 354 VIII
1720 344 1731 360 ,
1747 327 1762 352 ι
1773 329 1835 365 14,
1845 316 1913 366 IX,

662 382 723 421 31.
739 368 926 419 Harpocr.
942 368 980 406 in
995 364 1242 407 Πεντηκοστίι.
1256 367 1433 407 Aeschin.
1445 367 1481 405 in
1494 367 1687 407 Timarch.
1701 381 1784 421 pag.
1802 384 1862 420 17,
1875 383 1916 410 v,

660 436 698 473 3,
708 435 912 473 μαρτυριῶν
927 422 1079 460 τελώνου
1100 419 1164 458 τοῦ
1182 422 1288 471 παρὰ
1307 423 1504 472 Τιμάρχου
1518 419 1626 459 τοῦτο
1641 421 1859 472 ἐκλέξαντος
1871 426 1916 461 τὶ

656 476 775 513 τέλος.
798 474 992 513 ὃττυᾶυτει
1010 474 1133 512 minus
1155 472 1290 512 ulitata
1304 473 1474 512 fraudem
1490 474 1684 526 interpreti
1707 473 1798 514 fecit
1815 476 1916 528 apud

656 527 850 567 Plutarch.
862 527 943 579 περὶ
958 532 1120 577 Πολυπρ.
1138 541 1174 580 p.
1194 526 1264 578 518
1285 527 1328 565 E.
1340 526 1424 566 τοὺς
1440 527 1608 566 τελώνας
1626 528 1852 578 βαρυνόμεθα
1868 551 1913 559 -

659 577 736 634 οὐχ
753 581 843 620 ὅταν
855 583 907 619 τὰ
920 579 1063 631 ἐμφανῆ
1070 579 1142 618 τῶν
1154 580 1401 632 εἰσαγομένων
1417 579 1530 631 ἑκλὲγ
1539 581 1917 634 actv-publicanisfitc-

657 634 844 684 censemus,
858 650 924 673 non
938 636 1070 686 quando
1083 635 1223 686 vebligal
1231 648 1358 678 eorum,
1369 649 1454 686 quae
1460 634 1578 684 palam
1592 635 1823 686 importantur,
1837 637 1914 675 exi-

653 702 748 743 gunt.
764 688 866 728 Hinc
883 687 1053 740 ἑκλογεῖς
1071 700 1149 726 non
1169 686 1293 726 solum
1312 687 1413 738 apud
1426 686 1673 726 Athenienses
1689 687 1717 726 οἱ
1734 688 1916 742 ἐκλέγον-

658 756 723 780 τες
740 742 804 779 καὶ
825 741 1117 792 εἷο-’πράττοντες
1135 743 1186 778 τὲι
1206 741 1418 788 ὀφειλόμεναι
1437 739 1489 787 τῷ
1504 739 1686 789 «Γημοσίῳ,
1701 753 1743 779 Ut
1759 737 1916 795 Harpo-

657 796 806 835 cration
819 796 872 833 ait
882 824 895 840 ,
909 807 1142 847 quamquam
1158 795 1374 833 accuratius
1387 806 1407 832 a
1421 793 1534 832 Suida
1545 793 1682 844 duplex
1701 806 1835 834 eorum
1849 809 1915 835 or-

657 849 710 887 do
725 847 986 900 distinguatur,
1003 847 1061 886 led
1075 847 1161 885 alibi
1176 860 1335 900 quoque
1351 847 1445 886 noti.
1460 845 1639 885 Aristides
1653 847 1698 886 de
1717 846 1753 886 se
1765 848 1811 887 T.
1828 849 1865 897 l,
1879 863 1916 902 p.

656 903 704 941 61
718 916 731 939 1
753 902 795 940 Β.
812 899 926 953 ᾗρεθην
938 899 1129 953 ἐκλογεύς·
1145 901 1185 939 δι
1205 900 1345 952 Capito
1359 901 1476 953 φόρων
1491 899 1667 952 ἑκλογεὺς
1683 899 1830 940 Philoni
1850 907 1916 955 Πρ.

659 957 750 1005 προς
762 960 799 993 Γ.
813 968 896 1008 pag.
917 967 1013 993 1020
1026 954 1068 993 E.
1084 954 1149 1006 qui
1159 952 1289 1007 postea
1299 954 1490 993 deeodem
1507 953 1659 992 homine
1674 954 1914 1007 rapacissimo

659 1008 850 1060 subiungit
863 1038 874 1056 ,
891 1007 930 1060 ἐξ
947 1003 991 1047 οἷν
1005 1008 1210 1058 νοσφιζετοιι
1232 1008 1293 1045 καὶ
1307 1012 1537 1060 παρεκλέγει
1549 1037 1560 1054 ,
1575 1007 1737 1046 ποικίλον
1753 1010 1837 1047 τινὰ
1849 1010 1914 1048 καὶ

659 1062 777 1101 πολὺν
796 1060 956 1100 πλοῦτον
975 1059 1135 1112 ἠθροικὼς
1164 1059 1257 1100 ficut
1271 1073 1292 1098 a
1311 1060 1571 1100 Demosthene
1583 1060 1717 1099 dicitur
1734 1063 1916 1113 παρεκλέ-

657 1129 687 1167 γ
698 1129 745 1154 ειν
757 1117 810 1153 τὰ
823 1118 934 1154 κοινοὶ·
944 1114 1042 1168 apud
1056 1113 1158 1153 hunc
1170 1113 1320 1153 reelene
1330 1113 1512 1154 Gelenius
1521 1116 1716 1167 quaestorem
1728 1145 1740 1161 ,
1755 1116 1854 1168 apud
1871 1117 1914 1155 il-

659 1170 739 1208 lum
752 1168 943 1208 Canterus
958 1170 1133 1207 maerorem
1146 1169 1327 1206 verterint
1338 1198 1348 1216 ‚
1365 1170 1438 1206 iarn
1459 1181 1538 1207 non
1555 1167 1742 1220 disquiro:
1756 1168 1914 1209 maero-

656 1223 709 1261 ris
730 1232 833 1260 certe
847 1221 1090 1260 ministerium
1106 1219 1292 1260 Charonti
1311 1234 1390 1259 non
1402 1222 1531 1271 inepte
1551 1222 1914 1274 conveniat‚quan-

657 1275 861 1327 doquidem
877 1275 1051 1314 Aeacum
1068 1275 1268 1313 habuimus
1287 1276 1442 1314 τελώνην
1465 1273 1573 1327 supra
1593 1288 1625 1314 c.
1645 1275 1693 1314 ΙΙ.
1715 1275 1912 1316 Praeterea

657 1330 693 1369 ἐν
708 1330 882 1379 &ocultam
900 1328 986 1368 τοὺς
1001 1327 1177 1381 χαλκοῦς
1197 1328 1364 1381 ἐκλέγειν
1383 1328 1580 1380 Theophr.
1592 1328 1664 1368 Ch.
1684 1329 1769 1368 Eth.
1788 1342 1820 1368 c.
1832 1330 1888 1368 VI
1900 1359 1913 1375 ‚

656 1397 695 1435 p.
712 1396 775 1435 30,
789 1384 833 1422 ad
849 1396 948 1436 quae
962 1382 1210 1420 (Iasaubonus
1224 1381 1326 1420 hunc
1341 1382 1494 1421 Luciani
1506 1383 1636 1421 locum
1651 1381 1832 1428 adhibuit,
1850 1383 1912 1423 sed

654 1450 724 1490 per
736 1450 906 1477 errorem
923 1435 1083 1475 scribens
1096 1434 1264 1487 χαλκοῦν
1276 1436 1412 1479 ἕῑέολον·
1425 1435 1466 1474 &
1480 1450 1515 1487 p.
1533 1448 1576 1485 32
1588 1465 1602 1481 ,
1615 1435 1700 1475 τοὺς
1714 1435 1844 1475 τόκους
1858 1439 1912 1476 εἰς

656 1490 724 1529 τὴν
739 1490 874 1543 γνάθον
889 1489 1072 1542 ἐκλέγειν,
1088 1490 1123 1527 id
1137 1488 1201 1533 est.
1216 1489 1300 1527 τοὺς
1313 1489 1599 1542 ἑκλελεγμὲνους
1611 1488 1834 1541 ἑγκάπτειν,
1845 1490 1912 1539 ἑμ-

655 1545 820 1589 βέολλειν·
835 1545 899 1584 ubi
912 1544 1016 1583 secus
1029 1543 1118 1582 olim
1133 1542 1178 1580 ad
1198 1542 1288 1581 Poll.
1307 1542 1384 1587 IX,
1400 1544 1467 1595 63,
1486 1556 1521 1580 n.
1533 1555 1604 1590 70,
1620 1542 1830 1582 existimavi
1851 1557 1913 1583 re-

654 1599 875 1650 ponendum
890 1597 1090 1649 ἐπιλέγειν·
1107 1597 1211 1648 quod
1225 1596 1290 1634 etsi
1303 1609 1370 1647 per
1390 1609 1451 1635 me
1465 1595 1681 1646 iampridem
1699 1595 1775 1649 ipse
1794 1598 1910 1636 anim-

653 1651 907 1697 advertiffem,
921 1665 969 1691 eo
983 1661 1110 1690 tamen
1124 1650 1223 1688 haud
1239 1651 1364 1688 minus
1377 1650 1513 1701 gratias
1524 1649 1647 1688 habeo
1660 1650 1830 1689 monenti
1843 1651 1911 1690 do-

652 1704 813 1744 &iffimo
827 1706 1053 1745 Needhamo
1065 1719 1073 1742 ε
1087 1704 1214 1742 τόκους
1231 1704 1394 1756 ἐκλέγων
1406 1703 1538 1742 Pollux
1550 1704 1750 1742 annotavit
1762 1703 1812 1742 III
1821 1735 1832 1752 ‚
1845 1703 1908 1755 85.

653 1761 794 1798 Μισὲον
809 1758 871 1797 οὐκ
889 1759 1011 1811 ὀλίγον
1029 1756 1190 1809 ἐκλέγων
1210 1757 1339 1796 Liban.
1351 1757 1398 1796 T.
1414 1757 1453 1805 Ι,
1470 1769 1553 1809 pag.
1567 1770 1640 1807 793
1661 1756 1707 1796 C.
1724 1757 1909 1811 Ἐκλογᾰς

650 1812 862 1864 χρημάτων
875 1812 974 1851 dabit
986 1812 1091 1851 Dion
1105 1810 1202 1851 Caff.
1219 1810 1340 1856 XLII,
1353 1823 1389 1862 p.
1405 1810 1476 1849 208
1491 1809 1542 1848 D.
1558 1810 1732 1862 alibique.
1745 1811 1908 1852 HEMST.

706 1866 796 1918 Pag.
811 1880 871 1914 47.
884 1868 906 1904 l.
923 1881 954 1919 3.
970 1866 1044 1905 Τῶν
1057 1864 1224 1918 πλήθων)
1238 1864 1443 1904 Herodoto
1459 1863 1543 1902 sunt
1558 1863 1790 1914 ῗιμιπλινθιοι,
1805 1878 1908 1917 quo-

647 1932 736 1959 rum
752 1918 912 1959 studiose
926 1919 1136 1959 mensuram
1151 1919 1275 1972 exegit
1289 1919 1328 1966 Ι,
1342 1932 1400 1969 50.
1414 1916 1742 1969 Πλίνθουςχρυσᾶς
1753 1917 1905 1969 plurimi

646 1984 821 2013 vocant:
840 1974 973 2013 Euseb.
987 1977 1102 2024 Hpovr.
1117 1969 1174 2012 Εὖ.
1187 1974 1238 2017 V,
1254 1987 1288 2025 p.
1309 1986 1329 2011 2
1341 1985 1377 2009 ιι
1401 1971 1454 2010 D.
1468 1971 1633 2022 Gregor.
1645 1970 1753 2020 Nyff.
1766 1971 1813 2010 T.
1827 1971 1905 2019 111,

646 2041 683 2079 p.
707 2042 781 2081 319
795 2027 843 2066 A.
861 2027 932 2066 τῶν
953 2027 1248 2066 πολυταλάντων
1264 2024 1330 2064 τοῦ
1344 2028 1489 2075 Κροίσου
1510 2023 1669 2063 πλίνθων.
1681 2025 1904 2078 Utrumque

645 2082 770 2134 iungit
785 2079 969 2121 Themist.
991 2079 1060 2119 Or.
1078 2080 1171 2123 XIX
1184 2109 1195 2124 ‚
1213 2094 1247 2130 p.
1265 2080 1361 2125 226,
1378 2078 1443 2117 ubi
1460 2079 1678 2130 Apollinem
1701 2078 1824 2118 dicere
1847 2078 1904 2118 fa'-

644 2135 714 2177 cit.
733 2135 768 2174 se
791 2133 978 2174 Croesum
1000 2135 1135 2186 utique
1151 2131 1405 2186 vilipendisse,
1428 2134 1549 2171 καίτοι
1571 2129 1824 2180 ἐμπλήσαντα
1844 2135 1905 2186 ’ζον

644 2190 753 2228 σιτιϋον
765 2189 918 2228 πλίνθων
930 2187 1077 2241 χρυσῶν
1088 2187 1150 2225 καὶ
1161 2185 1406 2236 ἦμιπλινθιων.
1419 2185 1541 2224 Modo
1553 2185 1817 2234 ἐπακούσωμεν
1829 2187 1921 2239 ουν,ι

640 2241 709 2281 etfi
727 2243 792 2280 vix
808 2244 1015 2294 quidquam
1033 2241 1145 2279 refert
1156 2271 1165 2282 ,
1182 2239 1367 2279 Cliaronti
1381 2239 1502 2277 libens
1515 2239 1665 2278 dedero.
1682 2239 1847 2278 HEMST.

699 2297 786 2348 Pag.
801 2298 863 2345 48.
878 2298 899 2334 l.
923 2310 955 2333 1.
970 2293 1040 2332 Τοῦ
1054 2293 1263 2345 βελτίονος)
1286 2291 1431 2332 Confer
1445 2292 1623 2332 adversus
1635 2305 1772 2330 aurum
1791 2293 1830 2332 ὅ(
1842 2305 1902 2331 ar-

641 2361 795 2400 gentum
813 2363 884 2401 pro
900 2348 1005 2388 ferro
1018 2347 1267 2399 disputantem
1283 2345 1508 2386 Tertullian.
1526 2347 1571 2384 de
1588 2345 1693 2385 Culr.
1706 2345 1849 2384 Femin.
1864 2359 1899 2386 c.

638 2402 709 2440 lv.
732 2402 832 2442 Idem
854 2402 942 2445 fecit
959 2401 1137 2441 Clemens
1153 2402 1187 2438 in
1200 2400 1357 2452 Paedag.
1378 2399 1516 2450 aliique
1536 2398 1713 2446 Parrum,
1733 2399 1901 2452 philoso-

637 2455 756 2509 phos,
772 2456 988 2508 praesertim
1003 2455 1173 2501 Stoicos,
1189 2454 1333 2492 imitati.
1348 2454 1510 2492 HEMST.

689 2512 763 2550 ead.
786 2511 809 2550 l.
830 2509 979 2564 9.’ὲονι’,ῃ
998 2506 1159 2563 Λυέοῖς)
1182 2508 1290 2552 Haec
1312 2507 1362 2546 ita
1383 2505 1468 2547 sunt
1489 2504 1646 2561 scripta,
1672 2517 1715 2546 ut
1740 2505 1896 2558 Cyrum
