2015 3490
597 217 687 280 584
784 204 1655 261 ANNO'TATioNES

589 300 789 351 μέλλοντές
801 313 838 338 τι
851 300 1046 352 πράττειν,
1055 299 1186 340 ταῦτα,
1203 301 1378 354 λέγουσιν
1391 298 1569 353 ἅνθρωποι
1580 333 1592 350 ,
1605 302 1711 341 ἀλλὰ
1727 302 1856 345 ἁπαλ-

591 350 813 402 λοιττόμενοι
828 350 997 393 ἀλλήλων
1009 353 1071 392 καὶ
1085 356 1173 405 πρὸς
1186 350 1296 393 ὕπνον
1310 355 1533 406 τρεπόμενοι.
1549 356 1676 398 GESN.
1727 400 1731 403 ⁴

650 409 722 445 ead.
735 409 758 449 l.
775 405 811 445 8.
825 406 967 456 Χαίρειν
981 406 1135 446 κελεύειν
1148 406 1164 457 )
1177 407 1251 446 Th.
1271 407 1376 459 Mag.
1388 407 1506 459 paulo
1519 408 1603 460 post
1615 409 1751 448 iterum
1765 422 1854 449 exa-

594 459 814 506 minandus,
829 459 1035 512 posteriore
1055 461 1227 499 membro
1246 460 1351 500 verbi
1366 463 1511 513 χαίρειν
1525 463 1654 506 omnia
1674 463 1766 501 haec
1786 475 1855 502 eo-

594 513 681 552 dem
703 512 822 552 modo
842 512 974 558 habet,
995 513 1051 551 uti
1075 525 1181 553 nunc
1198 513 1374 565 leguntur
1400 514 1498 565 apud
1521 515 1674 554 Lucian.
1693 526 1855 568 excepta

596 565 675 606 sola
689 565 976 618 praepositionis
993 566 1180 610 varietate
1191 580 1332 621 „quam
1357 567 1396 605 in
1409 581 1493 607 var.
1512 567 1631 609 Leffl.
1651 569 1767 609 modo
1783 581 1855 608 no*

597 619 688 658 tavi.
709 619 848 658 Rmz.

649 673 727 710 ibid.
738 671 780 710 ‘0
793 668 985 725 χρυσοῦς)
1002 672 1133 711 ῘιὉηῐ3
1142 702 1155 718 ,
1167 686 1227 723 ego
1240 688 1359 712 aureus
1372 686 1469 725 atque
1480 673 1623 724 elegans.
1637 674 1776 713 BROD.
1790 673 1851 717 Sic

595 725 697 779 apud
715 724 879 765 Aristen.
898 725 1008 777 Epist.
1024 739 1056 770 1,
1070 726 1109 763 δι
1123 726 1234 773 alibi,
1256 727 1361 778 quod
1376 727 1522 772 notavit
1542 725 1704 766 Mercer.
1718 726 1856 769 Cetera

596 777 733 819 summi
750 779 931 818 Rhetoris
946 779 983 818 &
1001 777 1218 831 Philosophi
1233 779 1444 818 doctrinam
1461 779 1660 819 declarant.
1681 780 1857 820 Eoum).

652 834 725 870 ead.
739 833 761 870 l.
779 846 814 885 9.
826 831 1055 885 Ὑγιαίνειν)
1072 830 1278 871 Contendit
1299 833 1489 872 Lucianus
1501 832 1568 883 ,bse
1583 845 1662 872 non
1681 833 1735 872 ita
1757 833 1855 877 male

598 883 723 928 fecisse
734 915 743 926 ,
758 886 824 937 qui
837 898 909 924 ave
924 885 1156 924 matutinum
1170 886 1296 925 amico
1309 885 1380 924 suo
1394 897 1572 938 portans,
1588 899 1659 938 pro
1673 886 1788 939 χαῖρε
1802 887 1857 925 di-

598 940 702 978 xerit
717 934 872 991 ὑγίαινε.
889 938 919 976 F
921 938 1111 977 ormulam
1124 955 1160 991 χ
1160 938 1235 989 αἶρε
1249 939 1358 978 docet
1373 939 1408 977 in
1422 938 1490 978 usu
1505 940 1603 992 apud
1617 940 1758 993 priscos
1768 939 1858 984 suif-

599 991 637 1032 se
649 992 790 1044 quovis
802 1003 975 1043 tempore
989 1021 999 1038 ‚
1014 991 1054 1031 &
1070 991 1106 1030 in
1121 993 1224 1033 aditu
1236 1023 1248 1040 ‚
1263 992 1301 1031 δι
1318 993 1354 1030 in
1369 991 1542 1032 absceffu.
1559 993 1662 1032 IENs.

654 1047 725 1084 ead.
742 1047 766 1083 l.
783 1058 841 1085 10.
854 1044 976 1096 Ἐγὼ)
993 1045 1211 1097 Empedocli
1226 1046 1323 1098 apud
1338 1045 1545 1097 Origenem
1567 1046 1630 1098 (in
1650 1045 1752 1085 libro
1770 1045 1857 1088 Phi-

600 1097 935 1151 losophumenon)
948 1098 1241 1138 tribuitur.Vid.
1253 1100 1293 1138 δι
1309 1099 1467 1138 Anthol.
1484 1099 1523 1147 Ι,
1542 1099 1614 1147 86,
1627 1100 1694 1139 ubi
1710 1099 1858 1140 additur

598 1151 761 1204 sequens
775 1151 1071 1191 hemistichium:
1088 1150 1286 1202 πωλεῦμαι
1309 1155 1411 1200 μετὰ
1425 1153 1526 1192 πᾶσι
1542 1152 1751 1202 τετιμένος,
1764 1152 1857 1196 teste
1895 1193 1902 1202 ,

602 1203 768 1252 Davisio
781 1204 799 1244 I
811 1203 926 1245 Tusc.
950 1218 986 1257 p.
1004 1218 1062 1256 15.
1076 1205 1204 1251 Adde,
1222 1204 1250 1244 si
1265 1205 1389 1251 lubet,
1414 1206 1481 1244 Lil.
1498 1205 1660 1257 Gyrald.
1679 1220 1714 1259 p.
1739 1206 1812 1257 298
1831 1205 1858 1247 f.

602 1257 772 1310 Diogen.
798 1259 924 1298 Laert.
940 1257 1060 1304 VIII,
1081 1257 1239 1311 Emped.
1264 1271 1347 1312 pag.
1378 1272 1452 1310 229
1477 1259 1534 1300 ed.
1559 1259 1678 1299 Lond.
1701 1259 1858 1301 Sextum

600 1312 834 1365 Empiricum
854 1322 986 1351 contra
999 1311 1121 1351 Math.
1137 1325 1220 1365 pag.
1239 1313 1314 1359 60,
1336 1312 1377 1352 δι
1399 1312 1624 1356 Rittershus.
1644 1325 1730 1366 pag.
1745 1327 1792 1365 37
1811 1313 1858 1352 ad

600 1365 792 1418 Porphyr.
805 1365 963 1405 SOLAN.

657 1421 730 1457 ead.
743 1421 765 1457 l.
786 1414 1203 1470 11.'‘1s10v)De1everat
1223 1418 1383 1459 Solanus
1395 1418 1639 1470 posteriorem
1656 1418 1767 1458 huius
1785 1431 1858 1459 vo·

604 1472 657 1512 cis
669 1472 853 1523 syllabam
870 1473 909 1510 in
925 1473 1016 1510 lunt.
1032 1472 1072 1511 &
1087 1472 1249 1525 margini
1262 1471 1502 1524 adscripserat
1515 1488 1556 1518 ω,
1569 1472 1705 1512 scilicet
1721 1472 1859 1516 volens

602 1527 675 1579 legi
692 1525 808 1573 isim,
829 1526 933 1578 quod
956 1525 997 1565 &
1013 1525 1172 1565 parisina
1194 1526 1377 1574 habebat3
1398 1526 1572 1578 idemque
1588 1526 1718 1579 postea
1730 1526 1767 1565 in
1791 1539 1860 1565 va-

603 1580 728 1619 riantt.
743 1578 841 1619 lectt.
856 1590 1075 1625 notaverat,
1092 1579 1146 1618 Fl.
1167 1580 1220 1621 H.
1241 1579 1281 1619 &
1301 1580 1336 1616 S.
1359 1579 1456 1618 male
1475 1579 1599 1632 legere
1623 1579 1726 1619 issaar.
1745 1579 1858 1619 Unde

602 1635 729 1684 primo
748 1633 909 1673 coniicio
922 1632 1013 1671 ἰ’ἓιον
1031 1646 1188 1685 quoque
1200 1632 1368 1672 habuiffe
1381 1633 1472 1672 Iunt.
1491 1645 1612 1685 aeque
1633 1646 1677 1672 ac
1698 1633 1860 1685 reliquas

603 1687 747 1739 antiqq.
763 1699 916 1733 omnes,
931 1699 1024 1738 quas
1036 1686 1191 1725 sollicite
1205 1685 1399 1734 consului3
1412 1686 1541 1726 deinde
1553 1680 1735 1726 Solantim
1753 1687 1859 1726 dece·
1883 1687 1885 1690 ⁴

602 1750 712 1793 ptum
731 1739 804 1785 effe
825 1739 993 1792 sequenti
1014 1739 1109 1779 sono
1131 1739 1236 1778 verbi
1254 1737 1428 1790 ἠρυθρίων,
1447 1752 1494 1778 ex
1513 1753 1596 1792 quo
1616 1739 1738 1779 forsan
1759 1738 1860 1780 festi-

602 1806 695 1833 nans
707 1795 872 1833 coniecit
892 1792 990 1833 isim
1004 1792 1169 1832 similiter
1182 1791 1439 1840 scribendum3
1455 1794 1628 1845 maleque
1644 1792 1694 1833 fic
1710 1792 1859 1833 accusa-

601 1848 662 1886 vit
677 1847 936 1891 Florentinam
950 1846 988 1886 δι
1003 1847 1179 1898 reliquas.
1191 1846 1289 1886 Nam
1303 1845 1342 1886 ’ts
1346 1862 1393 1885 ιον
1405 1847 1565 1885 omnino
1579 1847 1722 1889 reclum
1737 1846 1803 1894 est,
1816 1847 1857 1889 δι

601 1900 862 1953 ἱιτιρενῐεᾶὶυιῃ
877 1911 1028 1952 tempus
1047 1900 1096 1939 ab
1115 1898 1195 1943 isica
1206 1900 1321 1952 sudo,
1344 1911 1386 1938 ut
1407 1897 1561 1951 ιἰρυθρίων
1584 1900 1624 1938 ἃ
1645 1899 1802 1950 sequens
1820 1893 1858 1946 ῗιν

600 1953 686 1993 satis
700 1954 859 1994 docent:
877 1955 917 1994 &
931 1954 1045 1993 Brod.
1061 1966 1219 2007 quoque
1237 1952 1390 1993 Miscell.
1411 1953 1466 1994 IX
1477 1984 1488 2003 ,
1504 1966 1538 1994 c.
1555 1967 1615 2005 15,
1637 1953 1730 1994 i'su'av
1746 1968 1787 1993 τε
1795 1953 1860 2006 su-

600 2010 740 2054 dabant,
760 2007 895 2048 scribit.
914 2007 1056 2046 Rmz.
1885 2038 1892 2047 .

660 2062 747 2112 Pag.
761 2061 848 2112 287.
861 2062 882 2098 l.
902 2075 959 2109 14.
978 2060 1122 2113 Πρῶτον
1134 2060 1215 2113 μὴ)
1233 2060 1326 2100 Non
1347 2059 1520 2107 dubitavi
1537 2073 1623 2099 cum
1639 2059 1859 2100 Graeviana

597 2113 652 2165 μὴ
669 2128 739 2166 pro
750 2114 830 2164 μὲν,
843 2114 966 2166 (quod
984 2113 1064 2153 edd.
1078 2114 1249 2166 habent,)
1262 2115 1298 2153 in
1312 2124 1537 2156 contextum
1552 2114 1743 2164 recipere3
1767 2126 1858 2155 cum

597 2169 648 2218 μὲι
660 2168 784 2207 S.non
800 2167 920 2208 solum
940 2167 1096 2213 habeat,
1115 2166 1174 2208 sed
1187 2167 1227 2206 δι
1241 2168 1326 2206 Par.
1341 2166 1502 2207 voluiffe
1518 2168 1730 2219 exprimere
1749 2167 1861 2206 vide-

598 2233 674 2266 tur,
687 2222 726 2260 in
745 2222 852 2261 cuius
866 2220 1039 2262 versione
1055 2221 1231 2273 negativa
1248 2233 1405 2273 quoque
1419 2219 1600 2272 expreffa'
1612 2231 1703 2268 erat,
1720 2221 1777 2273 qui
1791 2237 1860 2259 an·

599 2288 654 2320 ,fea
663 2274 703 2326 se
721 2290 894 2328 nunquam
916 2276 1089 2321 viderant,
1110 2275 1197 2314 licet
1218 2274 1355 2313 ibidem
1378 2274 1414 2312 in
1434 2273 1595 2317 Graecis
1611 2274 1677 2324 μὲν
1700 2273 1861 2326 legatur.

596 2327 696 2372 Nam
712 2328 737 2366 si
753 2328 979 2380 praecedens
991 2328 1134 2379 πρώτην
1145 2327 1304 2378 ἔντευξιν
1316 2325 1498 2379 respicias,
1514 2328 1625 2379 eique
1637 2326 1777 2378 orpczm
1788 2327 1857 2378 μὲν

597 2381 811 2434 subiungas,
833 2383 887 2421 bis
900 2382 996 2421 idem
1017 2380 1172 2421 dixiffet.
1194 2381 1272 2420 Iam
1290 2382 1442 2429 veronis
1460 2379 1543 2432 post
1556 2381 1660 2418 ἀλλὰ
1678 2379 1720 2418 fit
1731 2393 1859 2432 oppo-

596 2434 682 2476 snio
694 2436 825 2474 melior
838 2450 849 2483 3
870 2434 936 2474 etsi
948 2434 1039 2482 scio,
1051 2434 1078 2473 si
1091 2435 1175 2487 quis
1186 2435 1313 2473 tricari
1326 2434 1436 2481 velit,
1452 2433 1555 2486 poffe
1571 2434 1641 2473 dici
1652 2464 1663 2480 ‚
1677 2434 1742 2485 qui
1755 2433 1857 2483 πρῶ-

596 2502 658 2533 τον
669 2487 707 2529 se
719 2489 865 2537 vident,
881 2502 946 2529 eos
961 2487 998 2535 se
1012 2504 1078 2529 non
1089 2500 1165 2528 ame
1177 2486 1321 2541 vidiffe⁴
1332 2488 1508 2545 adeoque
1519 2487 1735 2542 negativam
1750 2484 1857 2541 poffe
