2015 3490
222 270 294 323 ΙΝ
328 274 415 323 DE
453 271 761 323 MERCEDE
800 272 1180 325 coNDUoTls.
1252 281 1335 346 561

66 359 208 406 Noster
219 366 293 413 ait,
320 367 492 414 Multos,
517 367 585 420 qui
602 366 638 407 se
657 366 696 406 in
711 366 977 419 potentiorum
994 368 1214 410 convietum
1232 383 1343 411 com·

68 420 275 464 mitterent,
290 421 384 472 quia
400 422 451 459 nil
467 422 567 460 aliud
584 420 766 460 frufihtofi
784 420 939 468 scirent,
958 421 1166 474 promistffe
1177 424 1343 465 dominis

69 472 143 512 suis
160 473 349 526 praesagia
363 475 405 513 &
419 474 604 514 veneficia
616 504 625 519 ‚
644 487 714 514 nec
726 486 805 514 non
819 475 959 513 amoris
971 476 1259 516 conciliationes
1269 508 1280 527 ‚
1301 479 1342 518 &

70 527 209 566 damna
224 527 410 575 hostibus,
424 527 505 567 five
518 528 707 567 malorum
724 527 947 567 aversiones
959 529 997 567 in
1013 528 1148 568 hostes.
1161 530 1343 574 Solebam

69 593 237 633 namque
256 593 404 620 veteres
416 612 427 629 ‚
448 583 632 634 quidquid
645 582 735 620 mali
748 582 890 620 ominis
906 581 1016 628 esset,
1039 582 1076 622 id
1089 596 1206 624 omne
1221 586 1258 624 in
1271 586 1343 626 ho-

70 633 182 673 stium
198 635 322 687 capita
337 645 378 674 ut
393 636 575 675 recideret
587 666 597 683 ,
625 636 782 688 precari.
813 635 958 674 Eodem
977 636 1130 688 prorsus
1140 639 1258 678 modo
1270 638 1346 680 Lu.

72 689 207 727 cianus
220 689 266 728 dc
279 688 404 734 simili,
417 689 481 728 vel
496 691 625 741 potius
639 689 762 728 multo
777 689 897 741 peiori
912 690 1112 729 hominum
1127 703 1279 744 genere,
1291 694 1346 733 in·

71 739 130 781 fra
146 742 182 780 in
197 741 466 782 Pseudomanti
485 756 568 794 cap.
591 755 606 794 5
623 754 632 781 2
652 743 845 793 Λαμβάνει
863 757 919 781 τις
931 739 1041 782 αὐτὸν
1053 743 1214 794 ἐραστὴς
1233 747 1343 799 γόης,

73 793 148 834 τᾶν
160 796 335 848 μαγείας
350 795 415 835 καὶ
439 796 593 845 {erasas
606 797 834 836 θεσπεσίους
850 793 1166 849 ὑπισχνουμένων,
1179 802 1244 838 καὶ
1259 801 1345 851 χοίὸ

71 863 179 902 ριτοις
196 849 259 888 ἐπὶ
278 848 355 889 τοῖς
377 850 578 901 ἐρωτικοῖς,
603 851 668 888 καὶ
690 851 911 904 ἐπαγωγὰς
926 851 1002 889 τοῖς
1019 850 1172 903 ἐχθροῖς,
1195 853 1261 892 καὶ
1279 858 1346 894 ἕδη-

31 910 34 912 ’
73 901 216 954 caup&
232 903 469 952 ἀναπομπὰς
481 934 492 951 ,
513 904 577 942 καὶ
592 902 727 956 κλήρων
741 903 952 956 Σιαὸσχέις.
978 904 1125 957 Accepit
1136 921 1208 946 eum
1222 923 1345 947 amans

72 958 208 1010 quidam
214 957 464 1010 praestigiator,
477 973 520 996 ex
534 959 592 1003 iis,
607 959 663 1010 qui
678 958 810 1011 magias
824 958 859 996 δ’
862 957 987 1008 sacras
1001 959 1246 1000 incantationes
1259 976 1344 1013 pro·

69 1011 223 1065 fitentur,
248 1022 318 1050 tum
337 1023 426 1050 artes
438 1012 473 1050 δ’
490 1014 540 1050 ad
551 1012 795 1051 conciliandam
817 1011 853 1050 in
874 1013 1043 1050 amoribus
1061 1013 1231 1066 gratiam,
1249 1015 1285 1053 δ’
1298 1017 1348 1054 ad

71 1064 279 1103 immittenda
293 1067 329 1105 in
340 1065 494 1105 inimicos
507 1066 600 1105 mala
609 1096 620 1114 ,
643 1067 693 1103 ad
701 1067 861 1105 eruendos
874 1065 1072 1116 thesauros,
1085 1070 1134 1105 ad
1148 1067 1343 1108 hereditates

72 1119 305 1171 acquirendas.
339 1118 401 1157 Est
427 1131 524 1172 ergo
546 1119 739 1173 ἐπαγωγὴ
761 1119 824 1159 vel
849 1121 1056 1172 generatim
1082 1120 1346 1176 cuiuscunque

73 1172 181 1212 noxii
202 1172 245 1212 δι
261 1172 431 1212 damnosi
458 1173 705 1226 imprecatio,
731 1173 795 1213 vel
816 1172 894 1225 ipsa
913 1173 1101 1212 malorum
1121 1173 1250 1215 illatio.
1268 1177 1347 1216 He-

73 1225 229 1277 sychius
241 1256 252 1273 ‚
268 1226 494 1280 Ἐπειγωγὶτ,
510 1229 694 1277 συμφορὰ,
708 1229 931 1280 πειρασμὸς,
946 1225 1023 1267 ἤτοι
1042 1230 1085 1266 τὸ
1098 1227 1261 1269 ὁπωσοῦν
1277 1245 1347 1270 κοι-

73 1283 136 1319 κδν
154 1280 402 1333 ἐπειγόμενον·
430 1292 547 1334 atque
574 1281 703 1320 iisdem
726 1281 839 1334 plane
857 1281 984 1320 verbis
1010 1281 1045 1320 id
1065 1281 1181 1321 habet
1203 1282 1347 1325 Suidas.

73 1333 184 1373 IENS.
213 1334 454 1387 Ἐπαιγωγὲις
474 1337 544 1374 W.
567 1335 608 1374 &
628 1335 713 1375 edd.
732 1335 786 1374 Fl.
804 1335 889 1373 Ald.
913 1335 1006 1374 Iunc.
1029 1334 1069 1374 &
1094 1335 1142 1373 A.
1163 1337 1276 1378 Υθξὶε.
1301 1337 1347 1378 In

73 1388 153 1427 aliis
174 1387 427 1441 ἀπαγωγὰς,
448 1388 638 1428 mendose.
653 1389 746 1428 Vid.
763 1389 883 1441 Ἀλεξ.
901 1402 933 1428 c.
951 1401 1010 1443 ις.
1034 1388 1192 1428 SOLAN.

129 1444 201 1481 ead.
217 1442 241 1480 l.
268 1456 282 1480 1
295 1439 325 1481 ι’.
347 1441 512 1496 Φύσεως)
539 1442 578 1482 Si
596 1442 753 1495 usquam
765 1474 777 1490 ,
791 1443 850 1482 hic
867 1452 971 1482 certe
983 1473 995 1488 ,
1010 1444 1083 1482 late
1100 1455 1228 1495 patere
1242 1443 1349 1484 vide-

73 1506 139 1535 tur
159 1493 542 1549 <phaetas—appellatio,
558 1510 657 1549 quae
670 1497 844 1550 corporis
861 1497 903 1536 δι
915 1495 1034 1535 animi
1053 1498 1227 1546 morbos,
1242 1499 1349 1551 inge·

76 1550 199 1596 nium,
222 1563 363 1595 mores,
379 1551 496 1589 vitam
511 1562 634 1590 totam
650 1550 960 1603 comprehendat.
984 1551 1113 1591 GizsN.

131 1605 204 1642 ead.
220 1604 243 1641 l.
265 1603 322 1643 16.
338 1604 526 1658 Θυέστης)
537 1605 628 1653 yid.
644 1604 754 1657 supra
765 1605 811 1644 de
823 1604 952 1644 Sacris.
969 1617 1003 1644 c.
1020 1618 1049 1655 5.
1072 1604 1231 1644 SOLAN.

77 1688 80 1690 .
131 1656 222 1710 Pag.
238 1657 325 1710 265.
339 1658 362 1697 l.
379 1672 408 1697 1.
422 1658 569 1711 Τηρεὺς)
591 1661 622 1697 T
621 1671 712 1698 ereas
727 1672 814 1699 cum
831 1658 1053 1711 sequeretur
1066 1658 1243 1711 Prognen
1254 1672 1351 1699 uxo-2

77 1720 159 1750 rem
174 1712 215 1750 δι
227 1712 312 1750 eius
325 1710 497 1751 sororem
512 1712 759 1752 Philomelam
774 1743 785 1758 ,
800 1712 934 1752 ambae
945 1711 1078 1752 versae
1090 1711 1175 1752 sunt
1191 1713 1230 1752 in
1246 1726 1350 1753 aves¹⁵

77 1764 196 1805 Ovid.
212 1765 270 1804 Vl
286 1766 380 1805 Met.
400 1765 497 1806 Pers.
514 1766 588 1806 Sat.
603 1767 672 1806 VI.
692 1766 839 1807 COGN.

132 1822 207 1858 ead.
223 1820 246 1858 l.
261 1833 292 1857 2.
313 1820 488 1873 Ὀπυίων)
512 1820 571 1859 Ita
583 1823 653 1860 W.
675 1818 892 1873 lnimpreff.
911 1818 1041 1858 ὸπὺωνζ
1054 1819 1143 1859 vid.
1166 1820 1295 1860 8ζἈλ.
1316 1833 1352 1860 c:⁶

84 1874 311 1926 19.SOLAN.
327 1872 403 1912 Etfi
417 1874 456 1913 in
472 1875 653 1914 omnibus
669 1875 801 1914 inveni
813 1873 930 1913 ὂπύων
943 1871 1079 1912 omiffo
1093 1888 1119 1922 ι,
1134 1886 1264 1913 tamen
1275 1875 1354 1914 edi-

80 1927 116 1966 di
131 1928 278 1974 ὀπυίων,
293 1927 400 1980 quod
424 1929 652 1980 probatione
671 1942 750 1985 non
771 1929 933 1980 indiget3
954 1927 1030 1966 vid.
1047 1928 1166 1966 modo
1183 1927 1353 1979 Hesychi

81 1990 140 2020 ter
153 1992 288 2033 quater
300 1981 338 2020 id
352 1993 603 2035 repetentem,
615 1984 827 2033 ὀπυϊομέιή,
836 1985 1063 2034 μισγομένη.
1074 1982 1269 2031 ὀπυίομὲνη
1280 1995 1353 2034 ’γε-

79 2035 299 2089 γωμημένη.
313 2037 470 2084 ὀπυίειν,
481 2037 627 2089 ’γαμεῖν
638 2037 712 2076 &c.
728 2037 768 2077 δι
779 2036 828 2077 fic
843 2035 982 2075 Noster
995 2033 1117 2088 supra.
1134 2034 1273 2086 Quare
1288 2034 1353 2075 vel

82 2088 191 2129 nullo
205 2088 277 2128 Ms.
292 2101 512 2142 praeeunte,
529 2091 620 2130 olim
637 2092 800 2131 correxi.
816 2091 898 2129 Iam
915 2101 1026 2136 vero,
1039 2101 1129 2128 cum
1143 2089 1241 2129 Cod.
1252 2090 1356 2130 Wit.

83 2141 321 2191 affentiatur‚
341 2157 458 2183 nemo
475 2158 535 2184 me
549 2147 769 2184 temeritatis
787 2154 934 2197 arguet.
953 2141 1084 2181 Postea
1100 2143 1136 2180 in
1150 2144 1254 2182 notis
1268 2140 1354 2182 Mis„

85 2196 239 2248 Guyeti
255 2209 416 2262 quoqpe
430 2198 576 2247 inveni,
590 2199 693 2238 illum
712 2202 844 2239 ὁπυιων
856 2197 931 2250 legi
944 2196 1056 2236 velle.
1070 2195 1219 2234 ΚΕΗ-Ζ.

140 2253 214 2290 ead.
233 2251 256 2289 l.
273 2252 311 2290 6.
327 2251 499 2305 Ευοινθὴε)
527 2253 592 2292 Ait
605 2253 649 2292 de
673 2254 854 2292 divitibus
867 2252 904 2291 δι
919 2250 1163 2304 potentibus,
1177 2247 1356 2290 ’Ἐκαστον

84 2302 181 2356 ’γοῦν
195 2299 317 2344 αὐτῶν
339 2305 377 2346 ἢν
397 2304 600 2358 ἐξειλήσῃς,
624 2306 754 2358 spiam
778 2303 815 2345 οὗ
837 2307 964 2357 μικρὸν
985 2300 1144 2355 εὑρήσεις
1161 2298 1356 2354 Εὗριπίὲου

89 2360 200 2404 τινὸς,
218 2358 236 2398 ii
250 2361 485 2408 Σοφοκλέους·
504 2363 557 2399 τὰ
573 2360 612 2400 «Γ
630 2358 716 2412 ἔξω,
731 2360 893 2412 πορφύραι
908 2355 1061 2397 εὖωυθὴς
1075 2358 1149 2396 διε.
1167 2355 1358 2409 Quisqui-

88 2409 175 2451 liae.
191 2411 320 2451 Scribe
335 2426 424 2453 cum
436 2415 632 2466 prioribus
643 2415 746 2454 editt.
761 2410 918 2453 εὐανθής.
930 2411 1042 2450 Ultra
1058 2411 1095 2449 id
1110 2410 1252 2450 vitium
1268 2423 1358 2463 pro-

89 2465 248 2519 pagavit
263 2465 652 2515 Amstelaedamenfis‚
669 2469 855 2508 exhibens
870 2463 1022 2506 εὗαιθής.
1048 2464 1154 2503 IENs.

143 2521 216 2559 ead.
228 2520 251 2557 I.
271 2533 330 2559 10.
346 2518 387 2559 ‘O
405 2523 520 2567 Κέβης
534 2521 684 2575 ἐκεῖνος)
698 2521 822 2561 Cuius
837 2519 956 2559 exstat
969 2518 1129 2557 libellus.
1152 2517 1291 2556 BRon.

144 2573 219 2612 ead.
234 2574 258 2612 l.
277 2587 289 2611 1
303 2587 333 2612 1.
348 2574 430 2627 Σοὶ)
451 2574 514 2615 Sic
527 2577 672 2630 optime
684 2577 755 2617 W.
771 2576 811 2616 &
825 2574 867 2614 L.
882 2585 1009 2626 neque
1023 2571 1130 2611 aliter
1144 2571 1179 2610 in
1196 2570 1235 2609 P,
1251 2566 1360 2610 fuisse

204 2626 349 2667 Luciam.
375 2629 454 2668 Vol.
475 2629 547 2669 III.
1035 2625 1071 2665 N
1092 2637 1117 2663 ss
