<?xml version="1.0" encoding="UTF-8"?>
<!DOCTYPE html PUBLIC "-//W3C//DTD XHTML 1.0 Transitional//EN"
    "http://www.w3.org/TR/xhtml1/DTD/xhtml1-transitional.dtd">
<html xmlns="http://www.w3.org/1999/xhtml" xml:lang="en" lang="en">
 <head>
  <title>
</title>
<meta http-equiv="Content-Type" content="text/html;charset=utf-8" />
  <meta name='ocr-system' content='tesseract 3.04.00' />
  <meta name='ocr-capabilities' content='ocr_page ocr_carea ocr_par ocr_line ocrx_word'/>
</head>
<body>
  <div class='ocr_page' id='page_1' title='image "./operagraecaetlat03luciuoft/operagraecaetlat03luciuoft_0502.png"; bbox 0 0 2015 3490; ppageno 0'>
   <div class='ocr_carea' id='block_1_1' title="bbox 659 221 1728 321">
    <p class='ocr_par' dir='ltr' id='par_1_1' title="bbox 659 221 1728 321">
     <span class='ocr_line' id='line_1_1' title="bbox 659 221 1728 321; baseline 0.007 -21"><span class='ocrx_word' id='word_1_1' title='bbox 659 273 755 321; x_wconf 42' lang='lat' dir='ltr'>affl</span> <span class='ocrx_word' id='word_1_2' title='bbox 849 221 1728 308; x_wconf 76' lang='lat' dir='ltr'>ANNoTATtoNES</span> 
     </span>
    </p>
   </div>
   <div class='ocr_carea' id='block_1_2' title="bbox 646 345 1979 2605">
    <p class='ocr_par' dir='ltr' id='par_1_2' title="bbox 654 345 1971 825">
     <span class='ocr_line' id='line_1_2' title="bbox 655 345 1927 404; baseline 0.008 -21"><span class='ocrx_word' id='word_1_3' title='bbox 655 346 789 384; x_wconf 83' lang='lat' dir='ltr'>locum</span> <span class='ocrx_word' id='word_1_4' title='bbox 802 346 979 385; x_wconf 87' lang='lat' dir='ltr'>emendat</span> <span class='ocrx_word' id='word_1_5' title='bbox 993 345 1129 399; x_wconf 89' lang='lat' dir='ltr'>Scalig.</span> <span class='ocrx_word' id='word_1_6' title='bbox 1142 346 1294 400; x_wconf 80' lang='grc' dir='ltr'><strong>χὺτλος</strong></span> <span class='ocrx_word' id='word_1_7' title='bbox 1305 347 1350 387; x_wconf 60' lang='lat' dir='ltr'>st</span> <span class='ocrx_word' id='word_1_8' title='bbox 1367 351 1504 399; x_wconf 61' lang='grc' dir='ltr'>κρατὺς</span> <span class='ocrx_word' id='word_1_9' title='bbox 1520 348 1641 402; x_wconf 78' lang='grc' dir='ltr'>’όσχος</span> <span class='ocrx_word' id='word_1_10' title='bbox 1653 347 1797 389; x_wconf 59' lang='lat' dir='ltr'>evo-mos·</span> <span class='ocrx_word' id='word_1_11' title='bbox 1809 349 1927 404; x_wconf 65' lang='grc' dir='ltr'><em>παρῆν</em></span> 
     </span>
     <span class='ocr_line' id='line_1_3' title="bbox 658 398 1929 456; baseline 0.007 -21"><span class='ocrx_word' id='word_1_12' title='bbox 658 399 844 450; x_wconf 81' lang='grc' dir='ltr'><em>χυμένοις</em></span> <span class='ocrx_word' id='word_1_13' title='bbox 859 398 937 439; x_wconf 85' lang='lat' dir='ltr'>&amp;c.</span> <span class='ocrx_word' id='word_1_14' title='bbox 947 412 1140 439; x_wconf 87' lang='lat' dir='ltr'>vocarunt</span> <span class='ocrx_word' id='word_1_15' title='bbox 1154 401 1276 440; x_wconf 89' lang='lat' dir='ltr'>Latini</span> <span class='ocrx_word' id='word_1_16' title='bbox 1289 401 1473 453; x_wconf 86' lang='lat' dir='ltr'>sagmina:</span> <span class='ocrx_word' id='word_1_17' title='bbox 1486 401 1550 442; x_wconf 89' lang='lat' dir='ltr'>Gl.</span> <span class='ocrx_word' id='word_1_18' title='bbox 1564 413 1641 442; x_wconf 89' lang='lat' dir='ltr'>vet.</span> <span class='ocrx_word' id='word_1_19' title='bbox 1656 406 1823 456; x_wconf 73' lang='lat' dir='ltr'>sagmina</span> <span class='ocrx_word' id='word_1_20' title='bbox 1834 409 1929 444; x_wconf 61' lang='grc' dir='ltr'>ὃωλ·</span> 
     </span>
     <span class='ocr_line' id='line_1_4' title="bbox 657 452 1928 505; baseline 0.006 -15"><span class='ocrx_word' id='word_1_21' title='bbox 657 454 736 499; x_wconf 68' lang='grc' dir='ltr'>λὶς,</span> <span class='ocrx_word' id='word_1_22' title='bbox 748 452 947 493; x_wconf 59' lang='grc' dir='ltr'><em>σπονδεῖα.</em></span> <span class='ocrx_word' id='word_1_23' title='bbox 968 454 1052 492; x_wconf 89' lang='lat' dir='ltr'>Hac</span> <span class='ocrx_word' id='word_1_24' title='bbox 1069 454 1114 492; x_wconf 93' lang='lat' dir='ltr'>de</span> <span class='ocrx_word' id='word_1_25' title='bbox 1127 466 1166 493; x_wconf 88' lang='lat' dir='ltr'>re</span> <span class='ocrx_word' id='word_1_26' title='bbox 1178 454 1317 493; x_wconf 84' lang='lat' dir='ltr'><strong>Athen.</strong></span> <span class='ocrx_word' id='word_1_27' title='bbox 1330 455 1392 494; x_wconf 90' lang='lat' dir='ltr'>lib.</span> <span class='ocrx_word' id='word_1_28' title='bbox 1403 469 1439 505; x_wconf 90' lang='lat'>7.</span> <span class='ocrx_word' id='word_1_29' title='bbox 1461 454 1680 495; x_wconf 76' lang='lat' dir='ltr'>ferebantur</span> <span class='ocrx_word' id='word_1_30' title='bbox 1693 457 1730 495; x_wconf 90' lang='lat' dir='ltr'>in</span> <span class='ocrx_word' id='word_1_31' title='bbox 1744 457 1928 499; x_wconf 87' lang='lat' dir='ltr'>Panathe-</span> 
     </span>
     <span class='ocr_line' id='line_1_5' title="bbox 658 505 1927 559; baseline 0.006 -15"><span class='ocrx_word' id='word_1_32' title='bbox 658 505 766 544; x_wconf 84' lang='lat' dir='ltr'>naica</span> <span class='ocrx_word' id='word_1_33' title='bbox 806 518 938 559; x_wconf 82' lang='lat' dir='ltr'>ompa,</span> <span class='ocrx_word' id='word_1_34' title='bbox 950 507 1093 559; x_wconf 86' lang='lat' dir='ltr'>quique</span> <span class='ocrx_word' id='word_1_35' title='bbox 1107 506 1278 547; x_wconf 85' lang='lat' dir='ltr'>ferebant</span> <span class='ocrx_word' id='word_1_36' title='bbox 1289 509 1508 558; x_wconf 58' lang='grc' dir='ltr'>θαλλοφόροι</span> <span class='ocrx_word' id='word_1_37' title='bbox 1519 508 1622 558; x_wconf 63' lang='lat' dir='ltr'>dieti,</span> <span class='ocrx_word' id='word_1_38' title='bbox 1631 520 1676 549; x_wconf 88' lang='lat' dir='ltr'>ut</span> <span class='ocrx_word' id='word_1_39' title='bbox 1689 510 1773 549; x_wconf 89' lang='lat' dir='ltr'>vult</span> <span class='ocrx_word' id='word_1_40' title='bbox 1785 511 1927 551; x_wconf 80' lang='lat' dir='ltr'>Iuncus</span> 
     </span>
     <span class='ocr_line' id='line_1_6' title="bbox 660 559 1971 617; baseline 0.005 -20"><span class='ocrx_word' id='word_1_41' title='bbox 660 559 763 610; x_wconf 87' lang='lat' dir='ltr'>apud</span> <span class='ocrx_word' id='word_1_42' title='bbox 802 560 883 599; x_wconf 90' lang='lat' dir='ltr'>tob.</span> <span class='ocrx_word' id='word_1_43' title='bbox 902 560 989 599; x_wconf 88' lang='lat' dir='ltr'>licet</span> <span class='ocrx_word' id='word_1_44' title='bbox 1003 561 1156 613; x_wconf 88' lang='lat' dir='ltr'>quidam</span> <span class='ocrx_word' id='word_1_45' title='bbox 1173 560 1352 608; x_wconf 82' lang='lat' dir='ltr'>afferant,</span> <span class='ocrx_word' id='word_1_46' title='bbox 1378 561 1487 601; x_wconf 83' lang='lat' dir='ltr'>fuiffe</span> <span class='ocrx_word' id='word_1_47' title='bbox 1503 575 1633 602; x_wconf 90' lang='lat' dir='ltr'>ramos</span> <span class='ocrx_word' id='word_1_48' title='bbox 1651 563 1801 612; x_wconf 89' lang='lat' dir='ltr'>olivae,</span> <span class='ocrx_word' id='word_1_49' title='bbox 1824 576 1928 617; x_wconf 86' lang='lat' dir='ltr'>quos</span> <span class='ocrx_word' id='word_1_50' title='bbox 1965 593 1971 608; x_wconf 82' lang='grc'><strong><em>,</em></strong></span> 
     </span>
     <span class='ocr_line' id='line_1_7' title="bbox 660 613 1926 667; baseline 0.006 -16"><span class='ocrx_word' id='word_1_51' title='bbox 660 624 778 651; x_wconf 86' lang='lat' dir='ltr'>manu</span> <span class='ocrx_word' id='word_1_52' title='bbox 791 613 1005 665; x_wconf 84' lang='lat' dir='ltr'>gestabant,</span> <span class='ocrx_word' id='word_1_53' title='bbox 1020 625 1064 652; x_wconf 93' lang='lat' dir='ltr'>ut</span> <span class='ocrx_word' id='word_1_54' title='bbox 1076 615 1249 653; x_wconf 80' lang='lat' dir='ltr'>videatur</span> <span class='ocrx_word' id='word_1_55' title='bbox 1264 614 1338 654; x_wconf 81' lang='lat' dir='ltr'>effe</span> <span class='ocrx_word' id='word_1_56' title='bbox 1353 614 1445 654; x_wconf 89' lang='lat' dir='ltr'>illud</span> <span class='ocrx_word' id='word_1_57' title='bbox 1460 615 1713 656; x_wconf 89' lang='lat' dir='ltr'>Homericum</span> <span class='ocrx_word' id='word_1_58' title='bbox 1727 617 1926 667; x_wconf 64' lang='grc' dir='ltr'>στέμματ’</span> 
     </span>
     <span class='ocr_line' id='line_1_8' title="bbox 659 665 1927 724; baseline 0.003 -19"><span class='ocrx_word' id='word_1_59' title='bbox 659 665 763 718; x_wconf 76' lang='grc' dir='ltr'>ἔχων</span> <span class='ocrx_word' id='word_1_60' title='bbox 775 666 809 705; x_wconf 78' lang='grc' dir='ltr'>ἐν</span> <span class='ocrx_word' id='word_1_61' title='bbox 820 666 965 717; x_wconf 76' lang='grc' dir='ltr'><em>χερσίν.</em></span> <span class='ocrx_word' id='word_1_62' title='bbox 978 667 1046 706; x_wconf 88' lang='lat' dir='ltr'>Ufi</span> <span class='ocrx_word' id='word_1_63' title='bbox 1059 666 1143 707; x_wconf 87' lang='lat' dir='ltr'>sunt</span> <span class='ocrx_word' id='word_1_64' title='bbox 1153 668 1194 707; x_wconf 87' lang='lat'>&amp;</span> <span class='ocrx_word' id='word_1_65' title='bbox 1207 669 1344 714; x_wconf 82' lang='lat' dir='ltr'>Latini,</span> <span class='ocrx_word' id='word_1_66' title='bbox 1357 680 1400 708; x_wconf 90' lang='lat' dir='ltr'>ut</span> <span class='ocrx_word' id='word_1_67' title='bbox 1413 668 1549 708; x_wconf 63' lang='lat' dir='ltr'>aufilOr</span> <span class='ocrx_word' id='word_1_68' title='bbox 1561 669 1666 709; x_wconf 88' lang='lat' dir='ltr'>Ceir.</span> <span class='ocrx_word' id='word_1_69' title='bbox 1683 671 1800 724; x_wconf 76' lang='lat' dir='ltr'>Pergit</span> <span class='ocrx_word' id='word_1_70' title='bbox 1809 673 1927 724; x_wconf 87' lang='lat' dir='ltr'>Amy·</span> 
     </span>
     <span class='ocr_line' id='line_1_9' title="bbox 661 719 1926 775; baseline 0.006 -17"><span class='ocrx_word' id='word_1_71' title='bbox 661 721 752 759; x_wconf 84' lang='lat' dir='ltr'>claeo</span> <span class='ocrx_word' id='word_1_72' title='bbox 760 719 927 772; x_wconf 76' lang='lat' dir='ltr'>spargens</span> <span class='ocrx_word' id='word_1_73' title='bbox 941 721 1067 759; x_wconf 78' lang='lat' dir='ltr'>altaria</span> <span class='ocrx_word' id='word_1_74' title='bbox 1087 722 1205 760; x_wconf 84' lang='lat' dir='ltr'>thallo.</span> <span class='ocrx_word' id='word_1_75' title='bbox 1231 722 1356 774; x_wconf 83' lang='lat' dir='ltr'>Quod</span> <span class='ocrx_word' id='word_1_76' title='bbox 1380 722 1515 775; x_wconf 81' lang='lat' dir='ltr'>Virgil.</span> <span class='ocrx_word' id='word_1_77' title='bbox 1537 723 1562 762; x_wconf 92' lang='lat'>6</span> <span class='ocrx_word' id='word_1_78' title='bbox 1583 723 1684 762; x_wconf 85' lang='lat' dir='ltr'>Aen.</span> <span class='ocrx_word' id='word_1_79' title='bbox 1703 723 1798 762; x_wconf 84' lang='lat' dir='ltr'>dixit</span> <span class='ocrx_word' id='word_1_80' title='bbox 1812 725 1926 766; x_wconf 86' lang='lat' dir='ltr'>Ramo</span> 
     </span>
     <span class='ocr_line' id='line_1_10' title="bbox 654 773 1187 825; baseline 0.004 -12"><span class='ocrx_word' id='word_1_81' title='bbox 654 773 850 825; x_wconf 79' lang='lat' dir='ltr'>frondentis</span> <span class='ocrx_word' id='word_1_82' title='bbox 870 775 999 813; x_wconf 80' lang='lat' dir='ltr'>olivae..</span> <span class='ocrx_word' id='word_1_83' title='bbox 1013 774 1187 814; x_wconf 87' lang='lat' dir='ltr'><strong>BOURD.</strong></span> 
     </span>
    </p>

    <p class='ocr_par' dir='ltr' id='par_1_3' title="bbox 658 827 1927 934">
     <span class='ocr_line' id='line_1_11' title="bbox 716 827 1927 880; baseline 0.006 -15"><span class='ocrx_word' id='word_1_84' title='bbox 716 830 790 866; x_wconf 82' lang='lat' dir='ltr'>ead.</span> <span class='ocrx_word' id='word_1_85' title='bbox 803 829 826 865; x_wconf 94' lang='lat' dir='ltr'>l.</span> <span class='ocrx_word' id='word_1_86' title='bbox 843 842 874 879; x_wconf 87' lang='lat'>5.</span> <span class='ocrx_word' id='word_1_87' title='bbox 887 828 939 866; x_wconf 85' lang='grc' dir='ltr'>Ἐν</span> <span class='ocrx_word' id='word_1_88' title='bbox 949 827 1047 880; x_wconf 74' lang='grc' dir='ltr'>χρῷ)</span> <span class='ocrx_word' id='word_1_89' title='bbox 1065 828 1119 867; x_wconf 83' lang='grc' dir='ltr'>Ἐν</span> <span class='ocrx_word' id='word_1_90' title='bbox 1132 827 1271 879; x_wconf 71' lang='grc' dir='ltr'><strong><em>χρῶτι,</em></strong></span> <span class='ocrx_word' id='word_1_91' title='bbox 1283 831 1334 868; x_wconf 87' lang='lat' dir='ltr'>ad</span> <span class='ocrx_word' id='word_1_92' title='bbox 1341 829 1473 876; x_wconf 82' lang='lat' dir='ltr'>vivum,</span> <span class='ocrx_word' id='word_1_93' title='bbox 1481 831 1531 868; x_wconf 84' lang='lat' dir='ltr'>ad</span> <span class='ocrx_word' id='word_1_94' title='bbox 1539 842 1657 869; x_wconf 79' lang='lat' dir='ltr'>cutem.</span> <span class='ocrx_word' id='word_1_95' title='bbox 1667 830 1806 871; x_wconf 83' lang='lat' dir='ltr'>BROD.</span> <span class='ocrx_word' id='word_1_96' title='bbox 1817 831 1927 872; x_wconf 84' lang='lat' dir='ltr'>Con-</span> 
     </span>
     <span class='ocr_line' id='line_1_12' title="bbox 658 880 1270 934; baseline 0 -14"><span class='ocrx_word' id='word_1_97' title='bbox 658 880 717 920; x_wconf 85' lang='lat' dir='ltr'>fer</span> <span class='ocrx_word' id='word_1_98' title='bbox 731 880 842 934; x_wconf 89' lang='lat' dir='ltr'>supra</span> <span class='ocrx_word' id='word_1_99' title='bbox 856 886 892 919; x_wconf 92' lang='lat' dir='ltr'>B.</span> <span class='ocrx_word' id='word_1_100' title='bbox 903 897 964 933; x_wconf 66' lang='grc' dir='ltr'>πρ.</span> <span class='ocrx_word' id='word_1_101' title='bbox 980 894 1012 920; x_wconf 90' lang='lat' dir='ltr'>c.</span> <span class='ocrx_word' id='word_1_102' title='bbox 1026 894 1086 920; x_wconf 87' lang='lat'>20.</span> <span class='ocrx_word' id='word_1_103' title='bbox 1112 881 1270 921; x_wconf 76' lang='lat' dir='ltr'><strong>SOLAN.</strong></span> 
     </span>
    </p>

    <p class='ocr_par' dir='ltr' id='par_1_4' title="bbox 660 934 1927 1029">
     <span class='ocr_line' id='line_1_13' title="bbox 716 934 1927 989; baseline 0.005 -15"><span class='ocrx_word' id='word_1_104' title='bbox 716 939 789 974; x_wconf 84' lang='lat' dir='ltr'>ead.</span> <span class='ocrx_word' id='word_1_105' title='bbox 800 935 823 973; x_wconf 86' lang='lat' dir='ltr'>l.</span> <span class='ocrx_word' id='word_1_106' title='bbox 833 934 915 983; x_wconf 70' lang='lat' dir='ltr'>7.’‘H</span> <span class='ocrx_word' id='word_1_107' title='bbox 929 935 1182 988; x_wconf 66' lang='grc' dir='ltr'>ἐγκαυσάτω)</span> <span class='ocrx_word' id='word_1_108' title='bbox 1194 935 1296 988; x_wconf 87' lang='lat' dir='ltr'>Quo</span> <span class='ocrx_word' id='word_1_109' title='bbox 1307 935 1426 976; x_wconf 89' lang='lat' dir='ltr'>modo</span> <span class='ocrx_word' id='word_1_110' title='bbox 1437 934 1546 989; x_wconf 87' lang='lat' dir='ltr'>prisci</span> <span class='ocrx_word' id='word_1_111' title='bbox 1556 935 1814 989; x_wconf 87' lang='lat' dir='ltr'>fugitivorum</span> <span class='ocrx_word' id='word_1_112' title='bbox 1823 939 1927 980; x_wconf 81' lang='lat' dir='ltr'>fron·</span> 
     </span>
     <span class='ocr_line' id='line_1_14' title="bbox 660 988 1126 1029; baseline 0 -1"><span class='ocrx_word' id='word_1_113' title='bbox 660 1000 738 1029; x_wconf 89' lang='lat' dir='ltr'>tem</span> <span class='ocrx_word' id='word_1_114' title='bbox 753 989 965 1027; x_wconf 83' lang='lat' dir='ltr'>inurebant.</span> <span class='ocrx_word' id='word_1_115' title='bbox 985 988 1126 1028; x_wconf 81' lang='lat' dir='ltr'><strong>BROD.</strong></span> 
     </span>
    </p>

    <p class='ocr_par' dir='ltr' id='par_1_5' title="bbox 714 1041 1925 1095">
     <span class='ocr_line' id='line_1_15' title="bbox 714 1041 1925 1095; baseline 0.004 -14"><span class='ocrx_word' id='word_1_116' title='bbox 714 1044 787 1081; x_wconf 75' lang='lat' dir='ltr'>ead.</span> <span class='ocrx_word' id='word_1_117' title='bbox 797 1043 821 1081; x_wconf 90' lang='lat' dir='ltr'>l.</span> <span class='ocrx_word' id='word_1_118' title='bbox 839 1055 897 1089; x_wconf 83' lang='lat'>14.</span> <span class='ocrx_word' id='word_1_119' title='bbox 911 1041 1188 1095; x_wconf 54' lang='grc' dir='ltr'>τ’Υψνεριψεῖιιιτει)</span> <span class='ocrx_word' id='word_1_120' title='bbox 1198 1043 1296 1082; x_wconf 88' lang='lat' dir='ltr'>Hor.</span> <span class='ocrx_word' id='word_1_121' title='bbox 1309 1043 1406 1082; x_wconf 86' lang='lat' dir='ltr'>oculo</span> <span class='ocrx_word' id='word_1_122' title='bbox 1414 1043 1563 1083; x_wconf 77' lang='lat' dir='ltr'>irretorto</span> <span class='ocrx_word' id='word_1_123' title='bbox 1577 1058 1598 1083; x_wconf 87' lang='lat'>2</span> <span class='ocrx_word' id='word_1_124' title='bbox 1607 1042 1683 1082; x_wconf 90' lang='lat' dir='ltr'>Od.</span> <span class='ocrx_word' id='word_1_125' title='bbox 1693 1058 1714 1082; x_wconf 90' lang='lat'>2</span> <span class='ocrx_word' id='word_1_126' title='bbox 1727 1043 1752 1083; x_wconf 91' lang='lat' dir='ltr'>f.</span> <span class='ocrx_word' id='word_1_127' title='bbox 1767 1045 1925 1087; x_wconf 81' lang='lat' dir='ltr'><strong>SOLAN.</strong></span> 
     </span>
    </p>

    <p class='ocr_par' dir='ltr' id='par_1_6' title="bbox 658 1096 1927 1297">
     <span class='ocr_line' id='line_1_16' title="bbox 719 1096 1927 1149; baseline 0.006 -16"><span class='ocrx_word' id='word_1_128' title='bbox 719 1096 811 1148; x_wconf 77' lang='lat' dir='ltr'>Pag.</span> <span class='ocrx_word' id='word_1_129' title='bbox 830 1097 917 1146; x_wconf 81' lang='lat'>165.</span> <span class='ocrx_word' id='word_1_130' title='bbox 941 1097 962 1135; x_wconf 92' lang='lat' dir='ltr'>l.</span> <span class='ocrx_word' id='word_1_131' title='bbox 978 1111 1013 1143; x_wconf 80' lang='grc'>4.</span> <span class='ocrx_word' id='word_1_132' title='bbox 1033 1096 1286 1149; x_wconf 70' lang='grc' dir='ltr'>Ἀλωπεκῐοις)</span> <span class='ocrx_word' id='word_1_133' title='bbox 1320 1098 1427 1149; x_wconf 81' lang='lat' dir='ltr'>Vulpe</span> <span class='ocrx_word' id='word_1_134' title='bbox 1441 1109 1588 1136; x_wconf 81' lang='lat' dir='ltr'>notatos.</span> <span class='ocrx_word' id='word_1_135' title='bbox 1611 1098 1751 1137; x_wconf 81' lang='lat' dir='ltr'>BROD.</span> <span class='ocrx_word' id='word_1_136' title='bbox 1772 1099 1927 1139; x_wconf 88' lang='lat' dir='ltr'>Suavis-</span> 
     </span>
     <span class='ocr_line' id='line_1_17' title="bbox 658 1148 1925 1204; baseline 0.005 -17"><span class='ocrx_word' id='word_1_137' title='bbox 658 1149 757 1188; x_wconf 76' lang='lat' dir='ltr'>simo</span> <span class='ocrx_word' id='word_1_138' title='bbox 770 1149 851 1188; x_wconf 85' lang='lat' dir='ltr'>lusu</span> <span class='ocrx_word' id='word_1_139' title='bbox 867 1148 1015 1202; x_wconf 84' lang='lat' dir='ltr'>respicit</span> <span class='ocrx_word' id='word_1_140' title='bbox 1030 1151 1185 1189; x_wconf 85' lang='lat' dir='ltr'>nomine</span> <span class='ocrx_word' id='word_1_141' title='bbox 1204 1151 1328 1189; x_wconf 85' lang='lat' dir='ltr'>altero</span> <span class='ocrx_word' id='word_1_142' title='bbox 1345 1151 1391 1189; x_wconf 91' lang='lat' dir='ltr'>ad</span> <span class='ocrx_word' id='word_1_143' title='bbox 1406 1151 1632 1190; x_wconf 71' lang='grc' dir='ltr'><em>κοππατίας</em></span> <span class='ocrx_word' id='word_1_144' title='bbox 1645 1164 1788 1204; x_wconf 85' lang='lat' dir='ltr'>equos,</span> <span class='ocrx_word' id='word_1_145' title='bbox 1802 1153 1925 1194; x_wconf 83' lang='lat' dir='ltr'>altero</span> 
     </span>
     <span class='ocr_line' id='line_1_18' title="bbox 660 1201 1926 1260; baseline 0.006 -19"><span class='ocrx_word' id='word_1_146' title='bbox 660 1204 707 1241; x_wconf 84' lang='lat' dir='ltr'>ad</span> <span class='ocrx_word' id='word_1_147' title='bbox 721 1201 942 1254; x_wconf 72' lang='grc' dir='ltr'><em>σαμφέρους,</em></span> <span class='ocrx_word' id='word_1_148' title='bbox 956 1203 1002 1242; x_wconf 92' lang='lat' dir='ltr'>de</span> <span class='ocrx_word' id='word_1_149' title='bbox 1017 1204 1156 1256; x_wconf 85' lang='lat' dir='ltr'>quibus</span> <span class='ocrx_word' id='word_1_150' title='bbox 1175 1204 1221 1243; x_wconf 86' lang='lat' dir='ltr'>ad</span> <span class='ocrx_word' id='word_1_151' title='bbox 1236 1205 1465 1258; x_wconf 88' lang='lat' dir='ltr'>principium</span> <span class='ocrx_word' id='word_1_152' title='bbox 1474 1205 1510 1244; x_wconf 93' lang='lat' dir='ltr'>N</span> <span class='ocrx_word' id='word_1_153' title='bbox 1515 1205 1644 1244; x_wconf 88' lang='lat' dir='ltr'>ubium</span> <span class='ocrx_word' id='word_1_154' title='bbox 1659 1206 1926 1260; x_wconf 85' lang='lat' dir='ltr'>Aristophanis</span> 
     </span>
     <span class='ocr_line' id='line_1_19' title="bbox 658 1256 1108 1297; baseline 0.002 -2"><span class='ocrx_word' id='word_1_155' title='bbox 658 1257 732 1296; x_wconf 75' lang='lat' dir='ltr'>viri</span> <span class='ocrx_word' id='word_1_156' title='bbox 746 1256 955 1296; x_wconf 63' lang='lat' dir='ltr'>doetiffimi.</span> <span class='ocrx_word' id='word_1_157' title='bbox 979 1256 1108 1297; x_wconf 82' lang='lat' dir='ltr'><strong>GESN.</strong></span> 
     </span>
    </p>

    <p class='ocr_par' dir='ltr' id='par_1_7' title="bbox 702 1310 1737 1364">
     <span class='ocr_line' id='line_1_20' title="bbox 702 1310 1737 1364; baseline 0.003 -16"><span class='ocrx_word' id='word_1_158' title='bbox 702 1315 791 1350; x_wconf 58' lang='lat' dir='ltr'>cad.</span> <span class='ocrx_word' id='word_1_159' title='bbox 803 1311 827 1349; x_wconf 92' lang='lat' dir='ltr'>l.</span> <span class='ocrx_word' id='word_1_160' title='bbox 840 1310 875 1349; x_wconf 91' lang='lat'>8.</span> <span class='ocrx_word' id='word_1_161' title='bbox 887 1311 925 1349; x_wconf 83' lang='lat' dir='ltr'>‘H</span> <span class='ocrx_word' id='word_1_162' title='bbox 941 1310 1070 1363; x_wconf 67' lang='grc' dir='ltr'>ἱέρεια)</span> <span class='ocrx_word' id='word_1_163' title='bbox 1084 1311 1147 1350; x_wconf 87' lang='lat' dir='ltr'>De</span> <span class='ocrx_word' id='word_1_164' title='bbox 1161 1324 1235 1364; x_wconf 88' lang='lat' dir='ltr'>qua</span> <span class='ocrx_word' id='word_1_165' title='bbox 1249 1310 1360 1364; x_wconf 87' lang='lat' dir='ltr'>supra</span> <span class='ocrx_word' id='word_1_166' title='bbox 1373 1311 1576 1350; x_wconf 83' lang='lat' dir='ltr'>Lucianus.</span> <span class='ocrx_word' id='word_1_167' title='bbox 1597 1311 1737 1351; x_wconf 79' lang='lat' dir='ltr'>BROD.</span> 
     </span>
    </p>

    <p class='ocr_par' dir='ltr' id='par_1_8' title="bbox 657 1363 1928 1632">
     <span class='ocr_line' id='line_1_21' title="bbox 715 1363 1925 1417; baseline 0.004 -14"><span class='ocrx_word' id='word_1_168' title='bbox 715 1367 788 1403; x_wconf 81' lang='lat' dir='ltr'>ead.</span> <span class='ocrx_word' id='word_1_169' title='bbox 800 1366 824 1403; x_wconf 89' lang='lat' dir='ltr'>l.</span> <span class='ocrx_word' id='word_1_170' title='bbox 838 1365 1020 1417; x_wconf 64' lang='grc' dir='ltr'>9.“Ὠπες)</span> <span class='ocrx_word' id='word_1_171' title='bbox 1030 1365 1094 1404; x_wconf 88' lang='lat' dir='ltr'>Ad</span> <span class='ocrx_word' id='word_1_172' title='bbox 1109 1365 1293 1417; x_wconf 80' lang='lat' dir='ltr'>aliquam,</span> <span class='ocrx_word' id='word_1_173' title='bbox 1305 1363 1369 1404; x_wconf 88' lang='lat' dir='ltr'>sua</span> <span class='ocrx_word' id='word_1_174' title='bbox 1382 1376 1504 1404; x_wconf 86' lang='lat' dir='ltr'>aetate</span> <span class='ocrx_word' id='word_1_175' title='bbox 1519 1376 1650 1405; x_wconf 86' lang='lat' dir='ltr'>notam</span> <span class='ocrx_word' id='word_1_176' title='bbox 1665 1365 1854 1406; x_wconf 85' lang='lat' dir='ltr'>historiam</span> <span class='ocrx_word' id='word_1_177' title='bbox 1871 1368 1925 1408; x_wconf 83' lang='lat' dir='ltr'>al·</span> 
     </span>
     <span class='ocr_line' id='line_1_22' title="bbox 659 1417 1926 1473; baseline 0.004 -17"><span class='ocrx_word' id='word_1_178' title='bbox 659 1417 778 1467; x_wconf 87' lang='lat' dir='ltr'>ludit,</span> <span class='ocrx_word' id='word_1_179' title='bbox 792 1431 892 1471; x_wconf 90' lang='lat' dir='ltr'>quae</span> <span class='ocrx_word' id='word_1_180' title='bbox 907 1418 951 1457; x_wconf 88' lang='lat' dir='ltr'>ad</span> <span class='ocrx_word' id='word_1_181' title='bbox 966 1431 1039 1457; x_wconf 88' lang='lat' dir='ltr'>nos</span> <span class='ocrx_word' id='word_1_182' title='bbox 1051 1417 1170 1471; x_wconf 89' lang='lat' dir='ltr'>usque</span> <span class='ocrx_word' id='word_1_183' title='bbox 1185 1431 1264 1458; x_wconf 89' lang='lat' dir='ltr'>non</span> <span class='ocrx_word' id='word_1_184' title='bbox 1281 1419 1431 1458; x_wconf 88' lang='lat' dir='ltr'>videtur</span> <span class='ocrx_word' id='word_1_185' title='bbox 1447 1417 1669 1472; x_wconf 79' lang='lat' dir='ltr'>pervenisse.</span> <span class='ocrx_word' id='word_1_186' title='bbox 1686 1419 1810 1472; x_wconf 85' lang='lat' dir='ltr'>Quod</span> <span class='ocrx_word' id='word_1_187' title='bbox 1826 1418 1926 1473; x_wconf 58' lang='grc' dir='ltr'>ὅπερ</span> 
     </span>
     <span class='ocr_line' id='line_1_23' title="bbox 660 1469 1926 1527; baseline 0.005 -18"><span class='ocrx_word' id='word_1_188' title='bbox 660 1472 722 1511; x_wconf 87' lang='lat' dir='ltr'>hic</span> <span class='ocrx_word' id='word_1_189' title='bbox 733 1472 839 1525; x_wconf 86' lang='lat' dir='ltr'>legis,</span> <span class='ocrx_word' id='word_1_190' title='bbox 852 1485 900 1512; x_wconf 84' lang='lat' dir='ltr'>ex</span> <span class='ocrx_word' id='word_1_191' title='bbox 917 1472 973 1511; x_wconf 91' lang='lat' dir='ltr'>ed.</span> <span class='ocrx_word' id='word_1_192' title='bbox 986 1473 1017 1511; x_wconf 89' lang='lat' dir='ltr'>I.</span> <span class='ocrx_word' id='word_1_193' title='bbox 1027 1472 1079 1512; x_wconf 90' lang='lat' dir='ltr'>est</span> <span class='ocrx_word' id='word_1_194' title='bbox 1086 1487 1099 1522; x_wconf 77' lang='lat'>3</span> <span class='ocrx_word' id='word_1_195' title='bbox 1120 1473 1157 1511; x_wconf 91' lang='lat' dir='ltr'>in</span> <span class='ocrx_word' id='word_1_196' title='bbox 1171 1473 1328 1525; x_wconf 87' lang='lat' dir='ltr'>reliquis</span> <span class='ocrx_word' id='word_1_197' title='bbox 1347 1474 1449 1513; x_wconf 84' lang='lat' dir='ltr'>enim</span> <span class='ocrx_word' id='word_1_198' title='bbox 1463 1472 1516 1512; x_wconf 89' lang='lat' dir='ltr'>est</span> <span class='ocrx_word' id='word_1_199' title='bbox 1529 1472 1630 1523; x_wconf 63' lang='grc' dir='ltr'>ὅπερ.</span> <span class='ocrx_word' id='word_1_200' title='bbox 1643 1469 1926 1527; x_wconf 69' lang='grc' dir='ltr'>5οιΑΝ.”Ωπες</span> 
     </span>
     <span class='ocr_line' id='line_1_24' title="bbox 658 1526 1928 1580; baseline 0.004 -16"><span class='ocrx_word' id='word_1_201' title='bbox 658 1526 762 1565; x_wconf 81' lang='lat' dir='ltr'>duali</span> <span class='ocrx_word' id='word_1_202' title='bbox 777 1539 940 1566; x_wconf 89' lang='lat' dir='ltr'>numero</span> <span class='ocrx_word' id='word_1_203' title='bbox 952 1539 1001 1566; x_wconf 87' lang='lat' dir='ltr'>ex</span> <span class='ocrx_word' id='word_1_204' title='bbox 1012 1526 1040 1567; x_wconf 88' lang='lat' dir='ltr'>I.</span> <span class='ocrx_word' id='word_1_205' title='bbox 1052 1527 1305 1580; x_wconf 83' lang='lat' dir='ltr'>recipiendum</span> <span class='ocrx_word' id='word_1_206' title='bbox 1319 1526 1471 1566; x_wconf 82' lang='lat' dir='ltr'>iufferat</span> <span class='ocrx_word' id='word_1_207' title='bbox 1484 1527 1658 1566; x_wconf 81' lang='lat' dir='ltr'>Solanus.</span> <span class='ocrx_word' id='word_1_208' title='bbox 1669 1527 1928 1569; x_wconf 85' lang='lat' dir='ltr'>obsecundas-</span> 
     </span>
     <span class='ocr_line' id='line_1_25' title="bbox 657 1579 1750 1632; baseline 0.001 -13"><span class='ocrx_word' id='word_1_209' title='bbox 657 1579 735 1620; x_wconf 85' lang='lat' dir='ltr'>sem</span> <span class='ocrx_word' id='word_1_210' title='bbox 750 1592 866 1626; x_wconf 91' lang='lat' dir='ltr'>certe,</span> <span class='ocrx_word' id='word_1_211' title='bbox 882 1579 910 1618; x_wconf 88' lang='lat' dir='ltr'><strong>fi</strong></span> <span class='ocrx_word' id='word_1_212' title='bbox 926 1580 1053 1632; x_wconf 86' lang='lat' dir='ltr'>plures</span> <span class='ocrx_word' id='word_1_213' title='bbox 1067 1580 1190 1620; x_wconf 90' lang='lat' dir='ltr'>Codd.</span> <span class='ocrx_word' id='word_1_214' title='bbox 1210 1581 1249 1619; x_wconf 84' lang='lat'>&amp;</span> <span class='ocrx_word' id='word_1_215' title='bbox 1265 1581 1347 1619; x_wconf 87' lang='lat' dir='ltr'>edd.</span> <span class='ocrx_word' id='word_1_216' title='bbox 1361 1581 1586 1620; x_wconf 85' lang='lat' dir='ltr'>addicerent.</span> <span class='ocrx_word' id='word_1_217' title='bbox 1603 1581 1750 1620; x_wconf 76' lang='lat' dir='ltr'>REITz.</span> 
     </span>
    </p>

    <p class='ocr_par' dir='ltr' id='par_1_9' title="bbox 714 1633 1526 1687">
     <span class='ocr_line' id='line_1_26' title="bbox 714 1633 1526 1687; baseline 0.001 -14"><span class='ocrx_word' id='word_1_218' title='bbox 714 1636 788 1673; x_wconf 84' lang='lat' dir='ltr'>ead.</span> <span class='ocrx_word' id='word_1_219' title='bbox 802 1634 825 1673; x_wconf 79' lang='lat' dir='ltr'>I,</span> <span class='ocrx_word' id='word_1_220' title='bbox 841 1647 900 1672; x_wconf 90' lang='lat'>10.</span> <span class='ocrx_word' id='word_1_221' title='bbox 911 1633 1107 1687; x_wconf 77' lang='grc' dir='ltr'>Ἀνὲθηκεν)</span> <span class='ocrx_word' id='word_1_222' title='bbox 1122 1635 1207 1673; x_wconf 85' lang='lat' dir='ltr'>Diis</span> <span class='ocrx_word' id='word_1_223' title='bbox 1221 1635 1362 1673; x_wconf 83' lang='lat' dir='ltr'>dicavit.</span> <span class='ocrx_word' id='word_1_224' title='bbox 1386 1635 1526 1674; x_wconf 84' lang='lat' dir='ltr'><strong>BROD.</strong></span> 
     </span>
    </p>

    <p class='ocr_par' dir='ltr' id='par_1_10' title="bbox 656 1687 1979 1905">
     <span class='ocr_line' id='line_1_27' title="bbox 713 1687 1924 1740; baseline 0.004 -15"><span class='ocrx_word' id='word_1_225' title='bbox 713 1689 749 1726; x_wconf 84' lang='lat' dir='ltr'>in</span> <span class='ocrx_word' id='word_1_226' title='bbox 765 1689 878 1727; x_wconf 78' lang='lat' dir='ltr'>Schol.</span> <span class='ocrx_word' id='word_1_227' title='bbox 894 1688 958 1727; x_wconf 86' lang='lat' dir='ltr'>col.</span> <span class='ocrx_word' id='word_1_228' title='bbox 976 1702 1006 1726; x_wconf 90' lang='lat'>1.</span> <span class='ocrx_word' id='word_1_229' title='bbox 1021 1688 1046 1726; x_wconf 78' lang='lat' dir='ltr'>l.</span> <span class='ocrx_word' id='word_1_230' title='bbox 1064 1701 1095 1740; x_wconf 85' lang='lat'>5.</span> <span class='ocrx_word' id='word_1_231' title='bbox 1117 1689 1209 1727; x_wconf 61' lang='grc' dir='ltr'>Ἀπὸ</span> <span class='ocrx_word' id='word_1_232' title='bbox 1225 1687 1318 1739; x_wconf 87' lang='lat' dir='ltr'>&amp;c.)</span> <span class='ocrx_word' id='word_1_233' title='bbox 1344 1688 1521 1728; x_wconf 86' lang='lat' dir='ltr'>Piraeeus</span> <span class='ocrx_word' id='word_1_234' title='bbox 1537 1701 1673 1740; x_wconf 88' lang='lat' dir='ltr'>nempe</span> <span class='ocrx_word' id='word_1_235' title='bbox 1689 1689 1781 1728; x_wconf 88' lang='lat' dir='ltr'>olim</span> <span class='ocrx_word' id='word_1_236' title='bbox 1801 1688 1924 1730; x_wconf 84' lang='lat' dir='ltr'>fuerat</span> 
     </span>
     <span class='ocr_line' id='line_1_28' title="bbox 656 1740 1925 1794; baseline 0.004 -15"><span class='ocrx_word' id='word_1_237' title='bbox 656 1740 792 1788; x_wconf 75' lang='lat' dir='ltr'>insula,</span> <span class='ocrx_word' id='word_1_238' title='bbox 805 1742 842 1780; x_wconf 91' lang='lat' dir='ltr'>in</span> <span class='ocrx_word' id='word_1_239' title='bbox 851 1754 967 1794; x_wconf 87' lang='lat' dir='ltr'>quam</span> <span class='ocrx_word' id='word_1_240' title='bbox 983 1742 1190 1794; x_wconf 89' lang='lat' dir='ltr'>oportebat</span> <span class='ocrx_word' id='word_1_241' title='bbox 1199 1756 1261 1792; x_wconf 83' lang='grc' dir='ltr'>σχ</span> <span class='ocrx_word' id='word_1_242' title='bbox 1267 1741 1351 1790; x_wconf 57' lang='lat' dir='ltr'>esicio</span> <span class='ocrx_word' id='word_1_243' title='bbox 1360 1740 1560 1794; x_wconf 62' lang='grc' dir='ltr'>ὃιωπερᾷν,</span> <span class='ocrx_word' id='word_1_244' title='bbox 1570 1753 1613 1781; x_wconf 88' lang='lat' dir='ltr'>ut</span> <span class='ocrx_word' id='word_1_245' title='bbox 1625 1741 1786 1782; x_wconf 89' lang='lat' dir='ltr'>ostendit</span> <span class='ocrx_word' id='word_1_246' title='bbox 1797 1744 1925 1784; x_wconf 89' lang='lat' dir='ltr'>Meur-</span> 
     </span>
     <span class='ocr_line' id='line_1_29' title="bbox 658 1794 1925 1851; baseline 0.003 -18"><span class='ocrx_word' id='word_1_247' title='bbox 658 1794 735 1834; x_wconf 82' lang='lat' dir='ltr'>sius</span> <span class='ocrx_word' id='word_1_248' title='bbox 750 1796 789 1834; x_wconf 89' lang='lat' dir='ltr'>in</span> <span class='ocrx_word' id='word_1_249' title='bbox 801 1795 944 1842; x_wconf 90' lang='lat' dir='ltr'>libello,</span> <span class='ocrx_word' id='word_1_250' title='bbox 956 1808 1070 1848; x_wconf 86' lang='lat' dir='ltr'>quem</span> <span class='ocrx_word' id='word_1_251' title='bbox 1089 1797 1134 1835; x_wconf 91' lang='lat' dir='ltr'>de</span> <span class='ocrx_word' id='word_1_252' title='bbox 1148 1795 1399 1835; x_wconf 88' lang='lat' dir='ltr'>celeberrimo</span> <span class='ocrx_word' id='word_1_253' title='bbox 1414 1796 1479 1835; x_wconf 90' lang='lat' dir='ltr'>illo</span> <span class='ocrx_word' id='word_1_254' title='bbox 1495 1807 1612 1849; x_wconf 89' lang='lat' dir='ltr'>portu</span> <span class='ocrx_word' id='word_1_255' title='bbox 1626 1795 1781 1851; x_wconf 77' lang='lat' dir='ltr'>scripsit,</span> <span class='ocrx_word' id='word_1_256' title='bbox 1793 1810 1838 1837; x_wconf 83' lang='lat' dir='ltr'>ac</span> <span class='ocrx_word' id='word_1_257' title='bbox 1851 1810 1925 1837; x_wconf 89' lang='lat' dir='ltr'>nu-</span> 
     </span>
     <span class='ocr_line' id='line_1_30' title="bbox 659 1848 1979 1905; baseline 0.001 -16"><span class='ocrx_word' id='word_1_258' title='bbox 659 1861 729 1901; x_wconf 88' lang='lat' dir='ltr'>per</span> <span class='ocrx_word' id='word_1_259' title='bbox 742 1848 845 1888; x_wconf 87' lang='lat' dir='ltr'>edito</span> <span class='ocrx_word' id='word_1_260' title='bbox 863 1862 884 1887; x_wconf 94' lang='lat' dir='ltr'>a</span> <span class='ocrx_word' id='word_1_261' title='bbox 900 1848 928 1888; x_wconf 89' lang='lat' dir='ltr'>I.</span> <span class='ocrx_word' id='word_1_262' title='bbox 943 1849 994 1889; x_wconf 93' lang='lat' dir='ltr'>G.</span> <span class='ocrx_word' id='word_1_263' title='bbox 1007 1848 1195 1889; x_wconf 88' lang='lat' dir='ltr'>Graevio.</span> <span class='ocrx_word' id='word_1_264' title='bbox 1208 1849 1296 1888; x_wconf 89' lang='lat' dir='ltr'>Vid.</span> <span class='ocrx_word' id='word_1_265' title='bbox 1312 1862 1345 1888; x_wconf 93' lang='lat' dir='ltr'>c.</span> <span class='ocrx_word' id='word_1_266' title='bbox 1364 1863 1399 1888; x_wconf 85' lang='lat'>1.</span> <span class='ocrx_word' id='word_1_267' title='bbox 1419 1849 1547 1889; x_wconf 67' lang='lat' dir='ltr'>sz.</span> <span class='ocrx_word' id='word_1_268' title='bbox 1975 1902 1979 1905; x_wconf 18' lang='grc' dir='ltr'>ι</span> 
     </span>
    </p>

    <p class='ocr_par' dir='ltr' id='par_1_11' title="bbox 646 1902 1926 2605">
     <span class='ocr_line' id='line_1_31' title="bbox 715 1902 1926 1956; baseline 0.003 -16"><span class='ocrx_word' id='word_1_269' title='bbox 715 1903 806 1956; x_wconf 81' lang='lat' dir='ltr'>Pag.</span> <span class='ocrx_word' id='word_1_270' title='bbox 824 1904 909 1943; x_wconf 87' lang='lat'>166.</span> <span class='ocrx_word' id='word_1_271' title='bbox 924 1904 947 1942; x_wconf 91' lang='lat' dir='ltr'>l.</span> <span class='ocrx_word' id='word_1_272' title='bbox 962 1916 993 1942; x_wconf 88' lang='lat'>1.</span> <span class='ocrx_word' id='word_1_273' title='bbox 1006 1907 1094 1942; x_wconf 84' lang='grc' dir='ltr'><strong>ΦΙΛ.</strong></span> <span class='ocrx_word' id='word_1_274' title='bbox 1109 1904 1151 1941; x_wconf 79' lang='lat' dir='ltr'>Ti</span> <span class='ocrx_word' id='word_1_275' title='bbox 1163 1903 1341 1954; x_wconf 68' lang='grc' dir='ltr'>πράττειν</span> <span class='ocrx_word' id='word_1_276' title='bbox 1355 1903 1442 1954; x_wconf 62' lang='grc' dir='ltr'>ἀνὴρ</span> <span class='ocrx_word' id='word_1_277' title='bbox 1459 1902 1690 1952; x_wconf 57' lang='grc' dir='ltr'>ὃιανοεῖταη</span> <span class='ocrx_word' id='word_1_278' title='bbox 1709 1907 1835 1943; x_wconf 82' lang='grc' dir='ltr'><strong>ΠΑΡΡ.</strong></span> <span class='ocrx_word' id='word_1_279' title='bbox 1851 1910 1926 1944; x_wconf 58' lang='lat' dir='ltr'>Aea</span> 
     </span>
     <span class='ocr_line' id='line_1_32' title="bbox 657 1955 1924 2011; baseline 0.003 -16"><span class='ocrx_word' id='word_1_280' title='bbox 657 1959 806 1996; x_wconf 67' lang='grc' dir='ltr'>λεάσοις</span> <span class='ocrx_word' id='word_1_281' title='bbox 819 1959 863 1995; x_wconf 69' lang='grc' dir='ltr'>τὸ</span> <span class='ocrx_word' id='word_1_282' title='bbox 878 1955 1088 2011; x_wconf 73' lang='grc' dir='ltr'><strong><em>ἄγκιστρον</em></strong></span> <span class='ocrx_word' id='word_1_283' title='bbox 1107 1956 1268 2011; x_wconf 61' lang='grc' dir='ltr'>ἰσχάὲι)</span> <span class='ocrx_word' id='word_1_284' title='bbox 1291 1957 1510 1997; x_wconf 84' lang='lat' dir='ltr'>Brodaeus:</span> <span class='ocrx_word' id='word_1_285' title='bbox 1534 1958 1600 1997; x_wconf 90' lang='lat' dir='ltr'>ubi</span> <span class='ocrx_word' id='word_1_286' title='bbox 1625 1969 1756 1996; x_wconf 89' lang='lat' dir='ltr'>notata</span> <span class='ocrx_word' id='word_1_287' title='bbox 1776 1958 1924 2010; x_wconf 73' lang='grc' dir='ltr'>Παῤῥη-</span> 
     </span>
     <span class='ocr_line' id='line_1_33' title="bbox 658 2009 1924 2064; baseline 0.002 -15"><span class='ocrx_word' id='word_1_288' title='bbox 658 2009 794 2049; x_wconf 55' lang='lat' dir='ltr'>asason</span> <span class='ocrx_word' id='word_1_289' title='bbox 807 2010 967 2064; x_wconf 87' lang='lat' dir='ltr'>persona</span> <span class='ocrx_word' id='word_1_290' title='bbox 982 2011 1117 2062; x_wconf 89' lang='lat' dir='ltr'>reponi</span> <span class='ocrx_word' id='word_1_291' title='bbox 1127 2011 1210 2050; x_wconf 89' lang='lat' dir='ltr'>vult</span> <span class='ocrx_word' id='word_1_292' title='bbox 1221 2010 1419 2063; x_wconf 86' lang='lat' dir='ltr'>personam</span> <span class='ocrx_word' id='word_1_293' title='bbox 1431 2010 1586 2062; x_wconf 68' lang='grc' dir='ltr'><em>Ἀρετῆς.</em></span> <span class='ocrx_word' id='word_1_294' title='bbox 1599 2010 1671 2051; x_wconf 88' lang='lat' dir='ltr'>Sed</span> <span class='ocrx_word' id='word_1_295' title='bbox 1686 2010 1831 2051; x_wconf 82' lang='lat' dir='ltr'>frustra.</span> <span class='ocrx_word' id='word_1_296' title='bbox 1846 2012 1924 2052; x_wconf 82' lang='lat' dir='ltr'>Re.</span> 
     </span>
     <span class='ocr_line' id='line_1_34' title="bbox 657 2061 1924 2118; baseline 0.003 -16"><span class='ocrx_word' id='word_1_297' title='bbox 657 2062 818 2116; x_wconf 89' lang='lat' dir='ltr'>spondet</span> <span class='ocrx_word' id='word_1_298' title='bbox 829 2065 929 2104; x_wconf 89' lang='lat' dir='ltr'>enim</span> <span class='ocrx_word' id='word_1_299' title='bbox 944 2064 1200 2104; x_wconf 85' lang='lat' dir='ltr'>Parrhefiades</span> <span class='ocrx_word' id='word_1_300' title='bbox 1218 2064 1477 2118; x_wconf 79' lang='lat' dir='ltr'>Philosophiae</span> <span class='ocrx_word' id='word_1_301' title='bbox 1494 2078 1580 2104; x_wconf 88' lang='lat' dir='ltr'>cum</span> <span class='ocrx_word' id='word_1_302' title='bbox 1595 2066 1846 2105; x_wconf 84' lang='lat' dir='ltr'>admiratione</span> <span class='ocrx_word' id='word_1_303' title='bbox 1865 2061 1924 2106; x_wconf 78' lang='lat' dir='ltr'>in·&#39;</span> 
     </span>
     <span class='ocr_line' id='line_1_35' title="bbox 658 2117 1924 2176; baseline 0.004 -21"><span class='ocrx_word' id='word_1_304' title='bbox 658 2119 884 2171; x_wconf 84' lang='lat' dir='ltr'>terroganti,</span> <span class='ocrx_word' id='word_1_305' title='bbox 893 2119 1121 2171; x_wconf 77' lang='lat' dir='ltr'>tertiamque</span> <span class='ocrx_word' id='word_1_306' title='bbox 1130 2118 1326 2172; x_wconf 85' lang='lat' dir='ltr'>personam</span> <span class='ocrx_word' id='word_1_307' title='bbox 1337 2133 1408 2172; x_wconf 91' lang='lat' dir='ltr'>pro</span> <span class='ocrx_word' id='word_1_308' title='bbox 1421 2118 1579 2159; x_wconf 88' lang='lat' dir='ltr'>secunda</span> <span class='ocrx_word' id='word_1_309' title='bbox 1588 2117 1782 2171; x_wconf 84' lang='lat' dir='ltr'>usurpanti</span> <span class='ocrx_word' id='word_1_310' title='bbox 1793 2130 1924 2176; x_wconf 65' lang='lat' dir='ltr'>orato-</span> 
     </span>
     <span class='ocr_line' id='line_1_36' title="bbox 657 2172 1926 2227; baseline 0.002 -16"><span class='ocrx_word' id='word_1_311' title='bbox 657 2172 716 2211; x_wconf 85' lang='lat' dir='ltr'>rie</span> <span class='ocrx_word' id='word_1_312' title='bbox 727 2176 766 2211; x_wconf 82' lang='grc' dir='ltr'>τί</span> <span class='ocrx_word' id='word_1_313' title='bbox 777 2173 958 2224; x_wconf 71' lang='grc' dir='ltr'>πράττειν</span> <span class='ocrx_word' id='word_1_314' title='bbox 975 2174 1060 2224; x_wconf 61' lang='grc' dir='ltr'>ἀνὴρ</span> <span class='ocrx_word' id='word_1_315' title='bbox 1072 2172 1296 2220; x_wconf 55' lang='grc' dir='ltr'>διανοεῖται,</span> <span class='ocrx_word' id='word_1_316' title='bbox 1312 2186 1384 2224; x_wconf 88' lang='lat' dir='ltr'>pro</span> <span class='ocrx_word' id='word_1_317' title='bbox 1395 2174 1434 2212; x_wconf 78' lang='grc' dir='ltr'>τί</span> <span class='ocrx_word' id='word_1_318' title='bbox 1446 2174 1623 2225; x_wconf 70' lang='grc' dir='ltr'><strong><em>πράττειν</em></strong></span> <span class='ocrx_word' id='word_1_319' title='bbox 1634 2172 1775 2222; x_wconf 50' lang='lat' dir='ltr'>stauai,</span> <span class='ocrx_word' id='word_1_320' title='bbox 1789 2176 1816 2212; x_wconf 79' lang='grc' dir='ltr'><strong>ὦ</strong></span> <span class='ocrx_word' id='word_1_321' title='bbox 1825 2176 1926 2227; x_wconf 73' lang='grc' dir='ltr'>Παῤ-</span> 
     </span>
     <span class='ocr_line' id='line_1_37' title="bbox 656 2225 1923 2279; baseline 0.004 -16"><span class='ocrx_word' id='word_1_322' title='bbox 656 2225 842 2278; x_wconf 53' lang='lat' dir='ltr'>firmicum</span> <span class='ocrx_word' id='word_1_323' title='bbox 866 2227 1032 2266; x_wconf 85' lang='lat' dir='ltr'>mutavit</span> <span class='ocrx_word' id='word_1_324' title='bbox 1046 2228 1243 2275; x_wconf 85' lang='lat' dir='ltr'>personam</span> <span class='ocrx_word' id='word_1_325' title='bbox 1256 2257 1269 2273; x_wconf 92' lang='lat'>,</span> <span class='ocrx_word' id='word_1_326' title='bbox 1289 2239 1332 2266; x_wconf 90' lang='lat' dir='ltr'>ut</span> <span class='ocrx_word' id='word_1_327' title='bbox 1353 2229 1631 2279; x_wconf 83' lang='lat' dir='ltr'>exprimeretur</span> <span class='ocrx_word' id='word_1_328' title='bbox 1652 2227 1849 2266; x_wconf 90' lang='lat' dir='ltr'>admiratio</span> <span class='ocrx_word' id='word_1_329' title='bbox 1868 2229 1923 2268; x_wconf 80' lang='lat' dir='ltr'>rei</span> 
     </span>
     <span class='ocr_line' id='line_1_38' title="bbox 646 2280 1921 2334; baseline 0.002 -16"><span class='ocrx_word' id='word_1_330' title='bbox 646 2292 802 2319; x_wconf 39' lang='lat' dir='ltr'>«novae,</span> <span class='ocrx_word' id='word_1_331' title='bbox 821 2281 984 2320; x_wconf 87' lang='lat' dir='ltr'>Virtutis</span> <span class='ocrx_word' id='word_1_332' title='bbox 996 2280 1182 2334; x_wconf 88' lang='lat' dir='ltr'>personae</span> <span class='ocrx_word' id='word_1_333' title='bbox 1196 2282 1307 2321; x_wconf 87' lang='lat' dir='ltr'>locus</span> <span class='ocrx_word' id='word_1_334' title='bbox 1324 2281 1385 2321; x_wconf 88' lang='lat' dir='ltr'>hic</span> <span class='ocrx_word' id='word_1_335' title='bbox 1399 2281 1537 2320; x_wconf 86' lang='lat' dir='ltr'>nullus.</span> <span class='ocrx_word' id='word_1_336' title='bbox 1550 2280 1654 2320; x_wconf 78' lang='lat' dir='ltr'>Patet</span> <span class='ocrx_word' id='word_1_337' title='bbox 1666 2292 1791 2320; x_wconf 86' lang='lat' dir='ltr'>autem</span> <span class='ocrx_word' id='word_1_338' title='bbox 1807 2282 1921 2321; x_wconf 86' lang='lat' dir='ltr'>etiam</span> 
     </span>
     <span class='ocr_line' id='line_1_39' title="bbox 656 2332 1922 2388; baseline 0.003 -17"><span class='ocrx_word' id='word_1_339' title='bbox 656 2332 839 2385; x_wconf 88' lang='lat' dir='ltr'>sequente</span> <span class='ocrx_word' id='word_1_340' title='bbox 847 2348 941 2374; x_wconf 86' lang='lat' dir='ltr'>mox</span> <span class='ocrx_word' id='word_1_341' title='bbox 952 2336 1253 2388; x_wconf 86' lang='lat' dir='ltr'>interrogatione</span> <span class='ocrx_word' id='word_1_342' title='bbox 1262 2334 1526 2387; x_wconf 89' lang='lat' dir='ltr'>Philosophiae</span> <span class='ocrx_word' id='word_1_343' title='bbox 1535 2336 1571 2372; x_wconf 77' lang='grc' dir='ltr'>τί</span> <span class='ocrx_word' id='word_1_344' title='bbox 1578 2334 1709 2374; x_wconf 71' lang='grc' dir='ltr'>ταῦτα.</span> <span class='ocrx_word' id='word_1_345' title='bbox 1720 2336 1791 2374; x_wconf 88' lang='lat' dir='ltr'>&amp;c.</span> <span class='ocrx_word' id='word_1_346' title='bbox 1802 2335 1922 2375; x_wconf 76' lang='lat' dir='ltr'>MAR-</span> 
     </span>
     <span class='ocr_line' id='line_1_40' title="bbox 659 2387 1921 2443; baseline 0.002 -18"><span class='ocrx_word' id='word_1_347' title='bbox 659 2397 740 2426; x_wconf 80' lang='lat' dir='ltr'>cu..</span> <span class='ocrx_word' id='word_1_348' title='bbox 755 2388 948 2440; x_wconf 79' lang='lat' dir='ltr'>Argutum</span> <span class='ocrx_word' id='word_1_349' title='bbox 962 2389 1029 2436; x_wconf 86' lang='lat' dir='ltr'>est,</span> <span class='ocrx_word' id='word_1_350' title='bbox 1041 2390 1146 2443; x_wconf 90' lang='lat' dir='ltr'>quod</span> <span class='ocrx_word' id='word_1_351' title='bbox 1162 2390 1221 2429; x_wconf 89' lang='lat' dir='ltr'>hic</span> <span class='ocrx_word' id='word_1_352' title='bbox 1234 2389 1320 2429; x_wconf 85' lang='lat' dir='ltr'>facit</span> <span class='ocrx_word' id='word_1_353' title='bbox 1330 2389 1535 2434; x_wconf 84' lang='lat' dir='ltr'>Lucianus‚</span> <span class='ocrx_word' id='word_1_354' title='bbox 1546 2388 1626 2428; x_wconf 84' lang='lat' dir='ltr'>five</span> <span class='ocrx_word' id='word_1_355' title='bbox 1641 2387 1921 2438; x_wconf 77' lang='lat' dir='ltr'>Parrhesiades3</span> 
     </span>
     <span class='ocr_line' id='line_1_41' title="bbox 657 2441 1922 2489; baseline 0.001 -9"><span class='ocrx_word' id='word_1_356' title='bbox 657 2442 841 2481; x_wconf 83' lang='lat' dir='ltr'>nimirum</span> <span class='ocrx_word' id='word_1_357' title='bbox 855 2443 892 2481; x_wconf 91' lang='lat' dir='ltr'>in</span> <span class='ocrx_word' id='word_1_358' title='bbox 905 2444 1020 2483; x_wconf 88' lang='lat' dir='ltr'>muris</span> <span class='ocrx_word' id='word_1_359' title='bbox 1032 2441 1161 2482; x_wconf 89' lang='lat' dir='ltr'>sedens</span> <span class='ocrx_word' id='word_1_360' title='bbox 1175 2444 1260 2483; x_wconf 90' lang='lat' dir='ltr'>vult</span> <span class='ocrx_word' id='word_1_361' title='bbox 1273 2442 1486 2482; x_wconf 88' lang='lat' dir='ltr'>funiculum</span> <span class='ocrx_word' id='word_1_362' title='bbox 1501 2443 1631 2489; x_wconf 85' lang='lat' dir='ltr'>hamo,</span> <span class='ocrx_word' id='word_1_363' title='bbox 1642 2441 1725 2481; x_wconf 87' lang='lat' dir='ltr'>esca</span> <span class='ocrx_word' id='word_1_364' title='bbox 1735 2455 1850 2482; x_wconf 90' lang='lat' dir='ltr'>aurea</span> <span class='ocrx_word' id='word_1_365' title='bbox 1866 2444 1922 2481; x_wconf 88' lang='lat' dir='ltr'>in-</span> 
     </span>
     <span class='ocr_line' id='line_1_42' title="bbox 656 2495 1921 2546; baseline 0.001 -12"><span class='ocrx_word' id='word_1_366' title='bbox 656 2495 816 2544; x_wconf 63' lang='lat' dir='ltr'>struem,</span> <span class='ocrx_word' id='word_1_367' title='bbox 832 2509 1019 2535; x_wconf 89' lang='lat' dir='ltr'>armatum</span> <span class='ocrx_word' id='word_1_368' title='bbox 1035 2497 1070 2535; x_wconf 85' lang='lat' dir='ltr'>in</span> <span class='ocrx_word' id='word_1_369' title='bbox 1088 2497 1220 2537; x_wconf 89' lang='lat' dir='ltr'>urbem</span> <span class='ocrx_word' id='word_1_370' title='bbox 1234 2497 1444 2543; x_wconf 82' lang='lat' dir='ltr'>demittere,</span> <span class='ocrx_word' id='word_1_371' title='bbox 1459 2508 1502 2535; x_wconf 87' lang='lat' dir='ltr'>ut</span> <span class='ocrx_word' id='word_1_372' title='bbox 1514 2496 1621 2535; x_wconf 85' lang='lat' dir='ltr'>velut</span> <span class='ocrx_word' id='word_1_373' title='bbox 1634 2495 1834 2546; x_wconf 88' lang='lat' dir='ltr'>pisciculos</span> <span class='ocrx_word' id='word_1_374' title='bbox 1852 2497 1921 2535; x_wconf 89' lang='lat' dir='ltr'>ad·</span> 
     </span>
     <span class='ocr_line' id='line_1_43' title="bbox 658 2549 1919 2605; baseline 0 -16"><span class='ocrx_word' id='word_1_375' title='bbox 658 2560 833 2590; x_wconf 84' lang='lat' dir='ltr'>natantes</span> <span class='ocrx_word' id='word_1_376' title='bbox 847 2563 971 2605; x_wconf 81' lang='lat' dir='ltr'>captet</span> <span class='ocrx_word' id='word_1_377' title='bbox 985 2551 1246 2605; x_wconf 86' lang='lat' dir='ltr'>philosophos.</span> <span class='ocrx_word' id='word_1_378' title='bbox 1270 2552 1378 2592; x_wconf 81' lang='lat' dir='ltr'>Haec</span> <span class='ocrx_word' id='word_1_379' title='bbox 1392 2563 1495 2590; x_wconf 88' lang='lat' dir='ltr'>arma</span> <span class='ocrx_word' id='word_1_380' title='bbox 1512 2549 1776 2591; x_wconf 81' lang='lat' dir='ltr'>Parrhesiadae</span> <span class='ocrx_word' id='word_1_381' title='bbox 1787 2551 1919 2590; x_wconf 84' lang='lat' dir='ltr'>omnia</span> 
     </span>
    </p>
   </div>
   <div class='ocr_carea' id='block_1_3' title="bbox 1965 0 2015 3490">
    <p class='ocr_par' dir='ltr' id='par_1_12' title="bbox 1965 0 2015 3490">
     <span class='ocr_line' id='line_1_44' title="bbox 1965 0 2015 3490; baseline 0 0"><span class='ocrx_word' id='word_1_382' title='bbox 1965 0 2015 3490; x_wconf 95' lang='lat' dir='ltr'> </span> 
     </span>
    </p>
   </div>
  </div>
 </body>
</html>
