2015 3490
601 233 687 297 568
796 208 1673 281 ANNO'T‘ATIONES

594 324 654 368 la,
670 321 810 375 quibus
823 322 1016 364 Lucianus
1030 322 1190 363 detineri
1203 323 1442 371 credebatur,
1449 318 1630 364 conferri
1647 325 1715 364 vix
1726 323 1866 386 poffint

596 389 687 416 cum
701 376 876 425 armillis,
891 377 931 415 δι
945 376 1166 426 monilibus,
1179 388 1202 415 a
1214 377 1361 429 quibus
1377 390 1456 417 non
1473 378 1703 425 detinentur,
1715 380 1780 431 qui
1795 379 1868 418 illis

595 439 759 469 utuntur
773 430 819 469 ad
832 440 1026 469 ornatum.
1046 431 1173 470 Haec
1166 431 1281 482 igitur
1293 430 1498 472 conferre'
1491 445 1563 470 iam
1581 432 1682 471 malo
1695 445 1782 472 cum
1804 446 1868 472 ca-

596 483 695 522 tenis
709 484 851 529 aureis,
860 483 1001 535 quibus
1013 483 1182 525 Romani
1193 484 1393 539 Magnates
1407 484 1595 538 sphinges,
1607 485 1647 526 &
1660 486 1798 538 pardos
1810 486 1871 525 de-

596 535 828 577 vinciebant.
845 537 945 576 Nam
962 537 1006 575 ad
1022 537 1115 577 haec
1130 549 1291 598 quoque
1306 549 1444 577 aurum
1461 538 1681 578 adhibitum.
1696 540 1799 578 Hinc
1822 539 1870 581 de

595 591 722 629 cervis
736 590 919 629 Martialis
933 590 1016 629 libri
1038 591 1147 643 primi
1163 591 1445 644 Epigrammate
1471 605 1563 645 105:
1589 594 1749 632 Mordent
1762 608 1868 631 aurea

595 645 724 697 quod!
726 657 822 695 cpata
836 645 932 683 cervi.
957 644 1004 683 Et
1016 643 1184 684 Ovidius
1196 645 1241 684 de
1253 658 1394 692 cervo,
1408 658 1522 697 quem
1536 646 1677 686 occidit
1688 644 1870 699 Cyparis-

596 697 680 743 sus,
699 696 1062 750 Metamorphosecos
1076 697 1177 737 libro
1197 698 1364 739 decimo:
1380 699 1575 738 pendebant
1598 700 1688 738 tereti
1702 712 1870 751 gemmata

599 752 740 792 monilia
756 752 851 791 collo.
867 752 912 791 Et
929 751 1069 791 Plinius
1083 751 1147 791 lib.
1163 751 1209 798 8,
1224 764 1258 792 c.
1273 767 1341 805 32.
1363 754 1408 791 V
1409 764 1445 791 ta
1463 754 1569 792 cervis
1585 755 1622 792 in
1637 752 1784 815 confqffiz
1795 754 1871 792 lon-

598 819 660 860 ga,
668 807 744 864 post
754 817 882 845 centum
895 821 1005 844 annus
1018 805 1188 858 aliquzbus
1200 809 1308 859 captis
1321 821 1395 845 cum
1412 808 1582 859 torquibus
1596 807 1719 845 aureis.
1739 807 1870 846 Proin-

597 859 645 898 de
664 858 839 911 sphinges
854 871 1013 912 quoque
1031 859 1071 897 δι
1093 859 1231 912 pardos
1245 860 1389 899 catenis
1412 861 1536 899 aureis
1550 860 1748 902 devinaos
1763 859 1870 902 fujffe

597 912 775 953 credibile
796 913 859 951 est.
883 912 983 964 Quo
999 913 1111 959 facit,
1132 913 1237 965 quod
1261 926 1310 953 ex
1330 912 1558 954 Philostrato
1578 913 1692 953 refert
1712 913 1870 954 Photius

602 966 689 1008 Αᾶ.
704 981 798 1013 241:
809 963 978 1028 Αχωνοιι
991 966 1084 1006 ποτὲ
1097 966 1129 1005 ἐν
1142 967 1352 1033 Παμφυλίᾳ
1363 966 1566 1030 vropse'tmov
1578 981 1665 1019 στρε
1667 982 1752 1016 erup
1765 965 1869 1017 άμαι,

597 1019 634 1059 ὃν
648 1035 729 1070 περι
740 1035 784 1071 ⁷3¹
769 1019 918 1072 sepit*
899 1034 1008 1071 εφερε,
1022 1035 1186 1073 χρυσουν
1195 1016 1278 1059 ὃὲ
1254 1035 1302 1067 ην,
1318 1035 1380 1059 κειι
1392 1019 1666 1085 ἐπεγέγραπτο
1679 1008 1871 1072 'Ap'peem'otc

599 1077 846 1128 γράμμασιν,
869 1073 1048 1120 βασιλεὺς
1072 1074 1255 1126 Ἀρσάκης
1274 1073 1345 1124 ὲεῴ
1366 1076 1499 1123 Νυσίῳ,
1520 1088 1542 1114 ι.
1564 1088 1596 1115 e.
1613 1076 1721 1128 Aliqu
1723 1076 1844 1114 mdo
1831 1091 1870 1117 m

602 1129 818 1181 Pamphylia
830 1140 964 1178 captum
973 1126 1082 1180 staff}
1097 1128 1288 1180 pordalium
1303 1128 1363 1181 (id
1377 1127 1453 1175 est,
1468 1131 1691 1181 pantheram,
1708 1127 1774 1168 seu
1785 1144 1870 1182 par-

601 1183 704 1231 dum)
721 1198 859 1222 aureum
875 1193 1019 1235 torquem
1038 1197 1127 1220 circa
1141 1182 1262 1223 collum
1285 1183 1477 1229 habentem,
1498 1183 1672 1222 Armeniis
1694 1182 1797 1222 literis
1819 1184 1871 1223 ita

602 1236 812 1288 inscriptum,
830 1237 908 1277 Rex
923 1235 1076 1286 Arsaces
1090 1237 1167 1274 Deo
1183 1236 1337 1288 Nyfizeo.
1352 1236 1502 1276 Tamen
1517 1235 1544 1275 s1
1559 1237 1645 1289 quis
1658 1235 1759 1277 aliud
1772 1250 1870 1278 vero

601 1289 755 1329 similius
769 1289 958 1343 proferat,
973 1289 1064 1328 illud
1076 1289 1250 1329 lubenter
1263 1289 1478 1341 amplectar.
1495 1291 1620 1330 Modo
1633 1290 1668 1328 id
1681 1290 1871 1331 conceda-

601 1354 678 1391 tur,
692 1345 797 1395 quod
810 1354 944 1383 utrem
965 1354 1108 1382 certam
1132 1342 1279 1392 affero,
1295 1357 1434 1383 vocem
1451 1344 1632 1397 κσυρέιλιοι
1645 1344 1684 1382 in
1698 1343 1870 1385 Luciano

601 1397 674 1437 effe
693 1409 938 1448 corruptam,
955 1410 998 1437 ac
1013 1397 1170 1449 proinde
1184 1373 1279 1436 nihil’
1289 1410 1337 1436 ex
1353 1411 1397 1437 ea
1412 1399 1458 1437 de
1476 1397 1636 1437 corallio
1650 1397 1755 1451 poffe
1773 1398 1870 1440 elici.

601 1451 944 1491 ALMELOOVEEN.
967 1451 1096 1490 Locus
1119 1450 1173 1491 est
1194 1450 1478 1498 vexatissimus
1502 1452 1541 1490 in
1564 1465 1646 1504 quo
1670 1452 1867 1504 ingenium

602 1516 863 1546 exercuerunt
878 1506 951 1544 viri
963 1505 1088 1557 magni
1100 1504 1324 1547 Bochardus
1339 1505 1378 1545 &
1392 1505 1621 1552 palmerius,
1634 1518 1703 1546 nec
1723 1518 1802 1545 non
1819 1506 1867 1547 cl.

602 1559 790 1603 Bootius:
810 1559 1016 1623 Μονονουχι
1038 1574 1101 1598 τον
1117 1555 1232 1610 ἕτερον
1248 1558 1386 1598 vrbsoe’
1372 1574 1406 1599 εν
1432 1574 1482 1598 τω
1503 1558 1718 1621 πορθμείῳ”
1698 1573 1845 1610 εχοντοι
1856 1590 1871 1608 ,

603 1617 790 1666 παρέχειν
804 1613 932 1653 {aaron
946 1610 987 1652 ἕ)
991 1616 1127 1652 neceas
1142 1627 1206 1652 και
1220 1615 1417 1673 φέρεσθαι,
1432 1608 1630 1665 καθάπερ
1613 1629 1685 1652 voro
1698 1612 1809 1663 κλοιῷ
1818 1628 1874 1652 τι-

601 1682 634 1709 νι
649 1667 780 1719 χρυσῷ
795 1671 855 1707 τον
880 1664 1034 1719 αὐχένα
1054 1665 1232 1711 sedeunt,
1248 1668 1308 1706 οίέι
1330 1667 1412 1707 ἐστι
1429 1682 1503 1706 των
1524 1666 1734 1718 τρυφώντων
1756 1678 1873 1708 πλου-

601 1722 687 1761 σίων
709 1723 763 1760 τὰ
779 1723 956 1776 σφιγγία
973 1735 1037 1760 καιι
1059 1722 1114 1758 τὰ
1138 1720 1328 1772 κουρὰλια..
1351 1720 1548 1773 (Hesych.
1563 1722 1600 1760 in
1616 1720 1785 1771 οἰκοὺρια.
1799 1721 1873 1760 Al-

602 1775 721 1828 ciphr
735 1775 764 1822 I,
780 1775 848 1828 Ep.
860 1789 922 1828 39,
940 1788 974 1826 ρ
994 1788 1078 1828 194.
1082 1774 1264 1827 >Vocem
1281 1775 1463 1826 κουράλιοι
1477 1775 1585 1814 mhili
1599 1774 1688 1821 effe,
1701 1774 1873 1816 &Grae-

602 1830 657 1869 cis
674 1830 868 1881 ignotam,
884 1842 957 1869 iarn
977 1842 1050 1868 viri
1064 1828 1166 1870 <loeti
1187 1839 1432 1869 monuerunt.
1454 1829 1545 1868 Non
1562 1842 1659 1868 vero
1675 1829 1842 1868 amuleta
1857 1859 1871 1876 ‚

601 1895 681 1923 non
696 1882 851 1922 collaria
866 1882 1047 1934 intelligi,
1062 1893 1129 1922 aut
1143 1881 1214 1922 has
1224 1895 1346 1922 voces
1361 1883 1534 1936 σφιγγία
1553 1898 1617 1921 και
1637 1883 1814 1934 κουράλωι
1828 1882 1873 1922 fi-

602 1935 786 1989 gnificare
796 1935 913 1989 posse,
925 1936 1034 1975 iidem
1047 1937 1264 1976 docuerunt
1272 1936 1470 1976 veriffime.
1479 1937 1604 1989 Nonp
1608 1935 1731 1975 ossum
1741 1946 1872 1977 tamen

602 1990 835 2031 sublcribere
849 1990 1062 2031 doe'tiffimo
1075 1989 1286 2037 Palmeri0‚
1301 1990 1367 2042 qui
1381 2003 1428 2030 ex
1442 1951 1639 2042 Hesychpio
1653 1990 1845 2042 κωρέιλλιαι
1856 2021 1870 2037 ,

603 2045 668 2084 vel
681 2046 857 2094 κουράσια
871 2045 1074 2097 legendum
1088 2043 1161 2084 effe
1173 2044 1292 2084 scivit.
1307 2045 1452 2084 Pueros
1462 2076 1473 2093 ‚
1494 2045 1574 2083 illas
1590 2044 1742 2083 delicias
1753 2044 1873 2083 domi-
1887 2046 1893 2054 ⁴

603 2111 746 2138 norum
761 2100 800 2137 δι
813 2099 1053 2142 dominarum
1067 2130 1077 2146 ,
1091 2098 1192 2151 apud
1205 2098 1406 2141 Romanos
1421 2100 1546 2138 aureis
1559 2099 1702 2139 catenis
1715 2097 1872 2139 vinctos

604 2151 793 2192 hincinde
807 2152 941 2193 ductos
953 2152 1076 2205 esse,q
1081 2166 1134 2192 uo
1148 2152 1289 2192 vellent
1302 2153 1387 2191 illos
1400 2152 1518 2204 sequi,
1531 2151 1714 2205 nusquam
1728 2150 1869 2191 leflum

603 2219 730 2257 neque
744 2206 929 2246 auditum.
945 2206 1106 2246 Certum
1118 2205 1184 2253 est,
1196 2206 1333 2247 animal
1347 2206 1514 2258 intelligi.
1529 2205 1728 2258 Quamvis
1741 2216 1870 2248 autem

604 2260 696 2299 nihil
711 2260 758 2299 ad
772 2274 850 2300 rem
867 2260 979 2300 faciat
1000 2261 1111 2301 locus
1129 2237 1364 2306 Ph'ilostrati‚
1377 2274 1492 2313 quem
1515 2273 1561 2299 ex
1584 2260 1721 2299 Photio
1743 2260 1873 2299 attulit

604 2314 844 2360 Bochardus,
866 2315 927 2353 ille
940 2315 1039 2354 enim
1054 2325 1202 2353 tantum
1220 2313 1418 2367 significat
1436 2314 1591 2366 pardum
1607 2326 1728 2353 aureo
1738 2312 1871 2354 collari

604 2368 652 2406 ab
671 2366 809 2407 Arsace
831 2381 1010 2411 ornatum
1034 2367 1219 2408 dimiffum
1244 2369 1284 2408 δι
1306 2367 1565 2408 consecratum
1588 2367 1694 2406 fuiffe
1712 2365 1872 2418 Nysaeo

602 2420 715 2464 Deo,
733 2434 900 2474 eumque
915 2433 1091 2475 torquem
1109 2423 1193 2462 ideo
1213 2423 1294 2461 eius
1310 2422 1413 2462 collo
1429 2421 1536 2461 fuiffe
1559 2421 1740 2468 inditum,
1757 2431 1800 2460 ut
1818 2420 1871 2459 fi-

601 2474 822 2527 gnumeffet
839 2475 1151 2524 consecrationis,
1166 2489 1244 2516 non
1268 2477 1359 2515 utin
1382 2475 1468 2515 aula
1485 2476 1635 2516 vinetus
1656 2475 1870 2514 traheretur

602 2529 644 2575 δι
656 2530 860 2575 duceretur
870 2530 916 2570 ad
926 2529 947 2569 s
942 2529 1173 2585 pefiantium
1188 2544 1214 2573 v
1217 2529 1451 2589 oluptatem·
1464 2528 1514 2576 sic
1528 2530 1643 2573 etiam
1659 2540 1872 2575 cervorum
