2015 3490
655 266 750 318 ςῳ
848 238 1724 301 ΑΝΝΟΤΑΤΙΟΝΕΞ

651 341 775 395 gitur)
789 338 935 391 ποιήσῃ,
964 340 1055 393 ἐμοῦ
1070 336 1117 380 (ὃς
1130 340 1214 392 περὶ
1229 340 1468 394 πράγματός
1483 355 1579 381 τινος
1600 343 1873 395 πυνθανομένου·
1891 336 1915 386 ἦ

651 396 697 434 Σὲ
710 395 846 436 mom
864 395 972 435 ἔσται
988 394 1070 446 περὶ
1085 393 1153 434 τοῦ
1166 393 1308 445 μαθεῖν,
1320 395 1349 434 εἰ
1366 393 1575 435 &Garumna
1591 394 1717 449 ψυχή.
1732 397 1916 438 Tiresiam

649 460 777 488 autem
791 462 861 488 cur
874 448 1103 501 potiffimum
1119 448 1322 500 Menippus
1339 448 1516 487 adhibere
1530 449 1635 488 vitae
1648 452 1832 502 regendae
1849 452 1917 491 du-

649 515 735 542 cem
750 501 981 548 desiderarit,
997 503 1194 541 Homerus
1204 501 1259 540 est
1275 501 1313 539 in
1326 501 1448 547 causa,
1463 503 1530 554 qui
1549 502 1708 553 posteris
1721 504 1915 557 persuasit,

649 556 760 595 illum
775 566 901 595 vatem
911 585 922 604 ‚
937 568 1013 608 qua
1025 555 1215 608 praeditus
1229 565 1310 595 erat
1324 556 1422 593 inter
1435 555 1554 594 vivos
1566 556 1771 596 admirabili
1784 571 1913 598 rerum

649 609 826 656 sollertia,
839 610 995 647 eandem
1011 610 1109 661 apud
1121 607 1266 648 inferos
1279 609 1463 661 integram
1472 607 1714 662 Proserpinae
1723 611 1913 658 beneficio

648 662 902 702 conservaffe.
917 662 1054 701 Strabo
1066 661 1185 710 XVI,
1206 675 1242 713 p.
1261 675 1276 700 1
1289 673 1358 713 105
1373 691 1383 708 ‚
1405 661 1473 700 ubi
1486 662 1616 709 docet,
1631 675 1780 715 quanto
1793 677 1912 718 opere

647 715 788 755 vetusti
801 715 974 755 homines
986 728 1008 754 a
1023 715 1198 754 Deorum
1213 726 1311 754 nutu
1324 716 1569 767 pependerint
1580 745 1592 760 ‚
1613 716 1662 754 ita
1679 715 1823 756 scribit:
1849 720 1914 758 καὶ

651 769 723 810 διὰ
738 768 849 808 τοῦτο
864 770 928 808 καὶ
943 768 973 807 οἱ
986 774 1144 819 μάντεις
1163 767 1362 817 ἐτιμῶντο,
1387 764 1483 808 ἓόο-τε
1499 769 1561 807 καὶ
1575 769 1775 813 βασιλείας
1789 770 1915 822 ἀξιοῦ-

651 829 747 864 σθαι
760 853 771 870 ,
795 819 844 862 ὦς
865 824 919 861 τὰ
939 824 1044 874 παρὰ
1057 821 1130 860 τῶν
1145 820 1244 860 &ezr
1258 819 1341 871 ἦμῖν
1356 820 1559 872 ἐκφέροντες
1578 824 1911 877 παραγγέλματα

649 877 715 916 καὶ
729 875 1024 927 ἐπανορθώματα
1043 875 1106 913 καὶ
1122 874 1251 926 ζῶντες
1266 875 1329 914 καὶ
1344 874 1604 914 ἀποθανόντες·
1629 878 1799 928 καθάπερ
1814 878 1910 918 καὶὸ

649 931 863 982 Τειρεσίας,
884 929 939 979 Τῷ
952 930 1016 968 καὶ
1031 927 1199 968 τεθνηῶτι
1219 927 1289 967 νόον
1310 927 1396 979 πόρε
1419 928 1658 980 Περσεφόνεια
1673 930 1746 979 Οἵῳ
1760 930 1911 971 orem&

651 987 756 1023 σὲαι·
780 982 835 1022 τοὶ
849 982 894 1022 5¹2
911 982 1016 1022 σκιαὶ
1030 981 1224 1021 ἀΐσσουσι·
1239 980 1417 1020 ηοτὶΗῖιῃὶ
1431 980 1516 1034 sunt
1539 985 1676 1034 poetae
1688 983 1820 1024 versus
1831 985 1908 1025 Odi.

649 1040 694 1083 K,
705 1051 793 1088 494.
807 1037 896 1075 Vid.
907 1036 1035 1076 Barth.
1054 1036 1099 1075 ad
1113 1035 1206 1075 Stat.
1219 1035 1294 1074 Th.
1305 1034 1379 1082 lv,
1395 1035 1482 1088 44'3.
1492 1035 1574 1075 Nec
1586 1037 1730 1088 primus
1746 1038 1819 1078 hoc
1832 1052 1912 1078 muv·

651 1092 753 1130 neris
765 1089 934 1129 Tirefiae
948 1090 1140 1129 Lucianus
1151 1087 1350 1141 imposuit:
1377 1101 1464 1126 nam
1479 1089 1581 1141 apud
1592 1089 1797 1130 Horatium
1814 1105 1910 1144 quo·

649 1157 728 1196 que
753 1143 791 1182 in
815 1142 884 1183 illa'
898 1142 1118 1195 facetissima
1142 1142 1230 1181 libri
1254 1141 1290 1180 ΙΙ
1307 1141 1534 1181 Sermonum
1559 1143 1701 1196 Ecioga
1722 1145 1754 1181 V
1782 1145 1910 1197 Ulyffi

647 1199 848 1248 quaerenti
871 1197 916 1235 de
930 1197 1070 1249 opibus
1086 1196 1197 1235 omni
1210 1195 1381 1234 machina
1396 1196 1638 1235 corradendis
1654 1208 1731 1236 tam
1747 1196 1835 1238 scite
1849 1213 1911 1239 re·
1955 1233 1960 1245 ,

646 1249 822 1302 spondet,
834 1251 964 1303 itaque
978 1263 1105 1289 rerum
1118 1249 1340 1302 superarum
1351 1247 1389 1287 se
1404 1249 1565 1301 peritum
1580 1249 1753 1299 ostendit,
1761 1262 1806 1291 ut
1819 1263 1910 1292 con-

646 1302 829 1343 sultorem
846 1304 1131 1357 prudentiorem
1144 1303 1246 1342 haud
1260 1302 1372 1341 facile
1383 1303 1570 1355 requiras.
1581 1302 1646 1343 De
1659 1303 1803 1344 Tiresia
1811 1318 1910 1347 vero

648 1357 769 1397 multa
785 1370 866 1397 non
882 1358 1043 1410 protrita
1056 1355 1176 1396 refert
1185 1355 1351 1396 Eustath.
1368 1356 1414 1395 ad
1425 1356 1501 1396 Od.
1511 1361 1550 1402 Κ,
1566 1370 1602 1409 p.
1622 1358 1906 1410 1665.HEMsr.

702 1412 794 1463 Pag.
810 1425 846 1465 9.
868 1412 890 1449 l.
906 1425 942 1464 9.
970 1411 1068 1463 Παρ’
1089 1407 1227 1458 αὐτοῦ,
1243 1410 1296 1457 ἐφ’
1315 1409 1408 1463 “ο’τῳ)
1433 1409 1489 1449 Ex
1501 1405 1623 1449 αὖτοῧ
1634 1409 1796 1452 secunda
1815 1414 1909 1454 mihi

646 1463 796 1515 syllaba
811 1465 964 1505 videtur
977 1462 1194 1525 op'preffiffe
1212 1462 1295 1511 τοῦ,
1315 1464 1422 1516 quod
1445 1462 1680 1503 inserendum
1700 1465 1774 1505 est:
1795 1466 1909 1517 μόλις

647 1517 789 1571 ἔτυχον
803 1521 892 1570 παρ’
907 1514 1024 1558 αὐτου
1037 1515 1123 1557 τοῦ.
1135 1548 1143 1557 .
1155 1548 1164 1557 .
1178 1546 1188 1556 .
1204 1516 1508 1568 καθηγήσασθαί
1517 1532 1592 1567 μοι.
1614 1519 1718 1571 Magi
1733 1532 1812 1559 non
1827 1521 1908 1560 exi.

647 1583 722 1623 gua
737 1573 908 1612 mercede
920 1583 1042 1611 artem
1057 1571 1160 1610 suam
1172 1571 1418 1611 exercebant:
1435 1571 1554 1611 modo
1564 1571 1774 1612 vidimusin
1785 1574 1907 1619 Hom,

645 1625 836 1666 Clement.
858 1624 1032 1680 χρήμασι
1057 1624 1212 1665 πολλοῖς
1238 1625 1366 1665 πείσω.
1399 1624 1533 1665 Statim
1562 1626 1906 1678 interpunffionem

645 1690 735 1719 eum
749 1680 785 1718 in
799 1682 955 1720 modum
968 1679 1161 1727 constitui,
1175 1688 1219 1718 ut
1233 1691 1293 1718 res
1306 1677 1538 1732 postuiabat:
1560 1691 1646 1718 nam
1657 1692 1782 1731 prava
1793 1694 1908 1733 prae-

645 1734 862 1773 cedentium
878 1734 959 1773 edd.
973 1732 1245 1785 interpretibus
1260 1733 1373 1772 etiam
1391 1731 1512 1772 fraudi
1525 1731 1614 1772 fuit:
1637 1734 1810 1785 copulari
1828 1734 1905 1775 sine

645 1787 767 1826 dubio
786 1788 971 1827 convenit
990 1787 1156 1840 primum
1169 1817 1181 1835 ‚
1205 1785 1390 1839 κατάγων
1411 1786 1474 1826 ἐπὶ
1499 1788 1560 1825 τον
1580 1783 1765 1837 Εὐφράτην
1787 1784 1903 1828 ἕωθεν·

643 1840 778 1880 deinde
792 1842 882 1892 τρὶς
901 1841 1159 1881 ἀνατέλλοντα
1181 1842 1243 1879 τον
1257 1835 1358 1881 ἥλιον
1378 1838 1478 1893 ῥῆσίν
1500 1854 1586 1880 τινα
1605 1843 1754 1893 μακρὰν
1777 1841 1905 1883 {vnai-

644 1908 737 1948 γων.
756 1895 920 1933 Hiems-r.
1424 1911 1427 1917 ¹

698 1950 770 1987 ead.
787 1949 810 1988 l.
832 1963 890 2001 13.
906 1949 999 2000 Πρός
1017 1946 1291 2000 ἀνατέλλοντα)
1305 1947 1361 1987 Ita
1372 1946 1528 1987 restituit
1541 1947 1645 1987 hunc
1657 1947 1787 1988 locum
1803 1950 1849 1988 B.
1864 1957 1901 1989 2.

643 2001 832 2054 &postea
847 2001 1072 2042 Benedietus
1084 2001 1122 2040 &
1133 2002 1183 2039 A.
1198 2001 1347 2041 Omnes
1356 2003 1454 2041 enim
1463 2000 1529 2040 rel.
1545 2001 1625 2041 edd.
1644 2003 1762 2043 unico
1778 2003 1903 2043 verbo

640 2055 819 2108 legebant
831 2069 1037 2107 προσανατ.
1051 2068 1132 2108 quo
1143 2054 1255 2108 paEto
1266 2055 1304 2094 in
1314 2054 1378 2095 De
1391 2056 1508 2094 Mort.
1520 2054 1669 2107 Peregr.
1681 2067 1714 2095 c.
1729 2070 1791 2110 39,
1800 2057 1903 2102 Tam

640 2107 765 2148 Faber
777 2109 903 2162 legere
914 2110 1036 2155 iubet,
1050 2109 1270 2161 προσανίσχ
1270 2123 1360 2148 οντα
1379 2112 1442 2147 τὸν
1457 2105 1565 2149 ἥλιον.
1585 2109 1656 2148 Sed
1674 2109 1727 2148 ibi
1745 2110 1902 2162 quidem

641 2163 783 2216 aliquid
805 2163 882 2209 est,
906 2164 1010 2216 quod
1033 2162 1120 2202 huic
1138 2161 1346 2215 scripturae
1368 2160 1521 2210 faveat3
1546 2163 1606 2202 hic
1621 2162 1724 2201 nihil.
1742 2163 1902 2204 SOLAN.

696 2219 768 2255 ead.
782 2217 805 2256 l.
824 2218 880 2257 16.
902 2217 971 2256 Καὶ
994 2217 1160 2263 ἀσφαλὲς
1173 2216 1400 2270 ἐφθέγγετο)
1422 2215 1575 2269 Castigo
1590 2216 1738 2263 ἀφανές.
1760 2217 1902 2257 BROD.

640 2268 733 2309 Des.
753 2271 905 2310 Herald.
926 2271 1099 2310 emendat
1120 2270 1281 2319 ἀσαφὲς,
1305 2271 1410 2323 quod
1431 2271 1545 2310 etiam
1568 2269 1621 2317 est
1640 2270 1677 2308 in
1697 2282 1778 2310 uno
1796 2270 1899 2311 Cod.

639 2323 784 2376 Regio,
798 2323 836 2364 δι
852 2326 889 2363 in
905 2323 1003 2364 Cod.
1020 2324 1122 2363 Flor.
1139 2323 1199 2363 sed
1219 2324 1308 2363 alibi
1321 2325 1392 2363 hac
1412 2324 1456 2363 de
1473 2337 1526 2364 re,
1546 2324 1717 2363 BOURD.
1734 2322 1900 2376 Ἐπίτρο·

639 2376 714 2430 χέν
733 2391 769 2417 τι
793 2378 857 2417 καὶ
877 2378 1099 2427 ἐπισφαλές.
1118 2378 1307 2417 MAch„
1329 2379 1489 2417 Variant
1508 2378 1569 2417 hic
1589 2378 1670 2417 edd.
1689 2377 1899 2418 parisiensis

639 2431 740 2469 enim
756 2426 818 2469 οὗκ
840 2432 1012 2479 ἀσφαλὲς
1029 2432 1161 2479 habet;
1185 2433 1301 2478 aliae,
1321 2430 1401 2471 sme
1423 2428 1507 2477 οὐκ,
1529 2431 1704 2477 ἀσφαλὲς
1726 2441 1899 2479 tantum,

638 2486 746 2537 quod
757 2485 801 2523 ad
815 2487 1018 2538 genuinam
1033 2485 1232 2524 leetionem
1245 2486 1407 2539 propius
1418 2485 1578 2525 accedit:
1593 2485 1632 2524 &
1643 2484 1694 2524 sic
1704 2485 1896 2536 antiquio-

638 2551 698 2579 res
713 2551 887 2593 quoque.
910 2539 1072 2590 Ἀο-αφὲς
1091 2551 1241 2590 autem,
1264 2551 1410 2594 praeter
1426 2553 1492 2589 ea,
1510 2551 1608 2593 quae
1627 2538 1900 2580 Bourdelotius
