<?xml version="1.0" encoding="UTF-8"?>
<!DOCTYPE html PUBLIC "-//W3C//DTD XHTML 1.0 Transitional//EN"
    "http://www.w3.org/TR/xhtml1/DTD/xhtml1-transitional.dtd">
<html xmlns="http://www.w3.org/1999/xhtml" xml:lang="en" lang="en">
 <head>
  <title>
</title>
<meta http-equiv="Content-Type" content="text/html;charset=utf-8" />
  <meta name='ocr-system' content='tesseract 3.04.00' />
  <meta name='ocr-capabilities' content='ocr_page ocr_carea ocr_par ocr_line ocrx_word'/>
</head>
<body>
  <div class='ocr_page' id='page_1' title='image "./operagraecaetlat03luciuoft/operagraecaetlat03luciuoft_0549.png"; bbox 0 0 2015 3490; ppageno 0'>
   <div class='ocr_carea' id='block_1_1' title="bbox 234 263 1336 329">
    <p class='ocr_par' dir='ltr' id='par_1_1' title="bbox 234 263 1336 329">
     <span class='ocr_line' id='line_1_1' title="bbox 234 263 1336 329; baseline -0.005 -14"><span class='ocrx_word' id='word_1_1' title='bbox 234 269 305 315; x_wconf 90' lang='lat' dir='ltr'>IN</span> <span class='ocrx_word' id='word_1_2' title='bbox 337 268 425 315; x_wconf 93' lang='lat' dir='ltr'>DE</span> <span class='ocrx_word' id='word_1_3' title='bbox 457 266 757 314; x_wconf 85' lang='lat' dir='ltr'>MERCEDE</span> <span class='ocrx_word' id='word_1_4' title='bbox 801 263 1175 312; x_wconf 78' lang='lat' dir='ltr'><strong>CONDUCTIS.</strong></span> <span class='ocrx_word' id='word_1_5' title='bbox 1246 273 1336 329; x_wconf 73' lang='lat'>541·</span> 
     </span>
    </p>
   </div>
   <div class='ocr_carea' id='block_1_2' title="bbox 6 342 1338 465">
    <p class='ocr_par' dir='ltr' id='par_1_2' title="bbox 6 342 1338 465">
     <span class='ocr_line' id='line_1_2' title="bbox 6 342 1338 410; baseline 0 -13"><span class='ocrx_word' id='word_1_6' title='bbox 6 399 7 405; x_wconf 19' lang='lat'>¹</span> <span class='ocrx_word' id='word_1_7' title='bbox 113 342 204 397; x_wconf 59' lang='lat' dir='ltr'>‘caah</span> <span class='ocrx_word' id='word_1_8' title='bbox 214 357 238 396; x_wconf 91' lang='lat' dir='ltr'>l.</span> <span class='ocrx_word' id='word_1_9' title='bbox 256 370 314 409; x_wconf 82' lang='lat'>15.</span> <span class='ocrx_word' id='word_1_10' title='bbox 327 356 530 410; x_wconf 73' lang='grc' dir='ltr'>Ἀ’γοροιίοις</span> <span class='ocrx_word' id='word_1_11' title='bbox 543 357 605 397; x_wconf 75' lang='grc' dir='ltr'>καὶ</span> <span class='ocrx_word' id='word_1_12' title='bbox 619 356 872 410; x_wconf 72' lang='grc' dir='ltr'>βωμολόχοις)</span> <span class='ocrx_word' id='word_1_13' title='bbox 886 357 994 397; x_wconf 80' lang='lat' dir='ltr'>Haec</span> <span class='ocrx_word' id='word_1_14' title='bbox 1006 358 1124 397; x_wconf 89' lang='lat' dir='ltr'>verba</span> <span class='ocrx_word' id='word_1_15' title='bbox 1134 357 1338 407; x_wconf 74' lang='lat' dir='ltr'>saepiffime</span> 
     </span>
     <span class='ocr_line' id='line_1_3' title="bbox 6 409 1338 465; baseline 0 -13"><span class='ocrx_word' id='word_1_16' title='bbox 6 409 8 423; x_wconf 70' lang='lat'><em>³</em></span> <span class='ocrx_word' id='word_1_17' title='bbox 75 409 174 452; x_wconf 85' lang='lat' dir='ltr'>solet</span> <span class='ocrx_word' id='word_1_18' title='bbox 192 411 436 463; x_wconf 84' lang='lat' dir='ltr'>coniungere.</span> <span class='ocrx_word' id='word_1_19' title='bbox 457 410 645 450; x_wconf 88' lang='lat' dir='ltr'>Posterius</span> <span class='ocrx_word' id='word_1_20' title='bbox 667 412 756 449; x_wconf 86' lang='lat' dir='ltr'>alibi</span> <span class='ocrx_word' id='word_1_21' title='bbox 776 414 1018 462; x_wconf 81' lang='lat' dir='ltr'>interpretor,</span> <span class='ocrx_word' id='word_1_22' title='bbox 1039 411 1143 465; x_wconf 88' lang='lat' dir='ltr'>prius</span> <span class='ocrx_word' id='word_1_23' title='bbox 1167 411 1338 463; x_wconf 80' lang='lat' dir='ltr'>Hesych.</span> 
     </span>
    </p>
   </div>
   <div class='ocr_carea' id='block_1_3' title="bbox 6 463 749 518">
    <p class='ocr_par' dir='ltr' id='par_1_3' title="bbox 6 463 749 518">
     <span class='ocr_line' id='line_1_4' title="bbox 6 463 749 518; baseline -0.004 -12"><span class='ocrx_word' id='word_1_24' title='bbox 6 467 7 473; x_wconf 73' lang='grc'>’</span> <span class='ocrx_word' id='word_1_25' title='bbox 75 463 201 506; x_wconf 83' lang='lat' dir='ltr'>verbo</span> <span class='ocrx_word' id='word_1_26' title='bbox 216 465 392 518; x_wconf 66' lang='grc' dir='ltr'>ἀγοραίου</span> <span class='ocrx_word' id='word_1_27' title='bbox 404 464 562 514; x_wconf 73' lang='grc' dir='ltr'>τέχναι.</span> <span class='ocrx_word' id='word_1_28' title='bbox 576 465 749 504; x_wconf 82' lang='lat' dir='ltr'><strong>BOURD.</strong></span> 
     </span>
    </p>
   </div>
   <div class='ocr_carea' id='block_1_4' title="bbox 79 517 1340 624">
    <p class='ocr_par' dir='ltr' id='par_1_4' title="bbox 79 517 1340 624">
     <span class='ocr_line' id='line_1_5' title="bbox 131 517 1340 571; baseline 0.001 -15"><span class='ocrx_word' id='word_1_29' title='bbox 131 521 203 557; x_wconf 84' lang='lat' dir='ltr'>ead.</span> <span class='ocrx_word' id='word_1_30' title='bbox 220 518 243 556; x_wconf 76' lang='lat' dir='ltr'>l.</span> <span class='ocrx_word' id='word_1_31' title='bbox 263 519 320 558; x_wconf 80' lang='lat'>16.</span> <span class='ocrx_word' id='word_1_32' title='bbox 334 517 592 570; x_wconf 70' lang='grc' dir='ltr'>Βωμολὸχοις)</span> <span class='ocrx_word' id='word_1_33' title='bbox 608 517 669 557; x_wconf 87' lang='lat' dir='ltr'>Sic</span> <span class='ocrx_word' id='word_1_34' title='bbox 682 518 887 558; x_wconf 81' lang='lat' dir='ltr'>Aelian.V.</span> <span class='ocrx_word' id='word_1_35' title='bbox 904 517 956 556; x_wconf 87' lang='lat' dir='ltr'>H.</span> <span class='ocrx_word' id='word_1_36' title='bbox 968 517 1019 562; x_wconf 91' lang='grc' dir='ltr'>ΙΙ,</span> <span class='ocrx_word' id='word_1_37' title='bbox 1041 530 1100 570; x_wconf 79' lang='lat'>13,</span> <span class='ocrx_word' id='word_1_38' title='bbox 1112 517 1340 571; x_wconf 59' lang='lat' dir='ltr'>Aristophaa</span> 
     </span>
     <span class='ocr_line' id='line_1_6' title="bbox 79 571 1340 624; baseline 0 -13"><span class='ocrx_word' id='word_1_39' title='bbox 79 583 170 612; x_wconf 87' lang='lat' dir='ltr'>nem</span> <span class='ocrx_word' id='word_1_40' title='bbox 183 581 304 610; x_wconf 85' lang='lat' dir='ltr'>vocat</span> <span class='ocrx_word' id='word_1_41' title='bbox 316 571 534 622; x_wconf 69' lang='grc' dir='ltr'>βωμολόχον</span> <span class='ocrx_word' id='word_1_42' title='bbox 549 571 667 624; x_wconf 59' lang='grc' dir='ltr'>ἄνέροι</span> <span class='ocrx_word' id='word_1_43' title='bbox 683 572 745 609; x_wconf 72' lang='grc' dir='ltr'>καὶ</span> <span class='ocrx_word' id='word_1_44' title='bbox 760 585 785 623; x_wconf 70' lang='lat'>&#39;2-</span> <span class='ocrx_word' id='word_1_45' title='bbox 798 571 922 611; x_wconf 66' lang='grc' dir='ltr'>ελοῖον.</span> <span class='ocrx_word' id='word_1_46' title='bbox 943 571 1148 610; x_wconf 79' lang='lat' dir='ltr'>Rationem</span> <span class='ocrx_word' id='word_1_47' title='bbox 1169 573 1278 611; x_wconf 84' lang='lat' dir='ltr'>vocis</span> <span class='ocrx_word' id='word_1_48' title='bbox 1291 583 1340 611; x_wconf 82' lang='lat' dir='ltr'>ex</span> 
     </span>
    </p>
   </div>
   <div class='ocr_carea' id='block_1_5' title="bbox 6 624 774 680">
    <p class='ocr_par' dir='ltr' id='par_1_5' title="bbox 6 624 774 680">
     <span class='ocr_line' id='line_1_7' title="bbox 6 624 774 680; baseline -0.003 -15"><span class='ocrx_word' id='word_1_49' title='bbox 6 674 7 680; x_wconf 17' lang='lat'>¹</span> <span class='ocrx_word' id='word_1_50' title='bbox 79 624 194 665; x_wconf 88' lang='lat' dir='ltr'>Suida</span> <span class='ocrx_word' id='word_1_51' title='bbox 205 625 316 663; x_wconf 85' lang='lat' dir='ltr'>tradit</span> <span class='ocrx_word' id='word_1_52' title='bbox 327 625 376 662; x_wconf 86' lang='lat' dir='ltr'>ibi</span> <span class='ocrx_word' id='word_1_53' title='bbox 390 624 503 663; x_wconf 87' lang='lat' dir='ltr'>Periz.</span> <span class='ocrx_word' id='word_1_54' title='bbox 517 624 566 664; x_wconf 90' lang='lat' dir='ltr'>N.</span> <span class='ocrx_word' id='word_1_55' title='bbox 577 639 612 673; x_wconf 87' lang='lat'>4.</span> <span class='ocrx_word' id='word_1_56' title='bbox 627 624 774 663; x_wconf 76' lang='lat' dir='ltr'><strong>RmTz.</strong></span> 
     </span>
    </p>
   </div>
   <div class='ocr_carea' id='block_1_6' title="bbox 0 0 82 3490">
    <p class='ocr_par' dir='ltr' id='par_1_6' title="bbox 0 0 82 3490">
     <span class='ocr_line' id='line_1_8' title="bbox 0 0 82 3490; baseline 0 0"><span class='ocrx_word' id='word_1_57' title='bbox 0 0 82 3490; x_wconf 95' lang='lat' dir='ltr'> </span> 
     </span>
    </p>
   </div>
   <div class='ocr_carea' id='block_1_7' title="bbox 7 674 1378 2499">
    <p class='ocr_par' dir='ltr' id='par_1_7' title="bbox 7 674 1344 1046">
     <span class='ocr_line' id='line_1_9' title="bbox 133 674 1248 730; baseline 0 -13"><span class='ocrx_word' id='word_1_58' title='bbox 133 679 215 717; x_wconf 81' lang='lat' dir='ltr'>ibid.</span> <span class='ocrx_word' id='word_1_59' title='bbox 231 677 364 717; x_wconf 65' lang='grc' dir='ltr'><em>Πλήθει</em></span> <span class='ocrx_word' id='word_1_60' title='bbox 378 677 601 730; x_wconf 68' lang='grc' dir='ltr'>Ῥωμαϊκῶν)</span> <span class='ocrx_word' id='word_1_61' title='bbox 616 678 726 729; x_wconf 85' lang='lat' dir='ltr'>Angl.</span> <span class='ocrx_word' id='word_1_62' title='bbox 743 674 875 717; x_wconf 66' lang='grc' dir='ltr'><em>πλήθει</em></span> <span class='ocrx_word' id='word_1_63' title='bbox 890 676 1062 727; x_wconf 72' lang='grc' dir='ltr'><em>ἀστεϊκῷ.</em></span> <span class='ocrx_word' id='word_1_64' title='bbox 1075 678 1248 717; x_wconf 85' lang='lat' dir='ltr'><strong>BOURD.</strong></span> 
     </span>
     <span class='ocr_line' id='line_1_10' title="bbox 7 731 1342 784; baseline 0.001 -15"><span class='ocrx_word' id='word_1_65' title='bbox 7 762 8 769; x_wconf 68' lang='grc'>,</span> <span class='ocrx_word' id='word_1_66' title='bbox 137 733 210 769; x_wconf 74' lang='lat' dir='ltr'>ead.</span> <span class='ocrx_word' id='word_1_67' title='bbox 223 732 247 769; x_wconf 87' lang='lat' dir='ltr'>l.</span> <span class='ocrx_word' id='word_1_68' title='bbox 265 745 320 781; x_wconf 88' lang='lat'>17.</span> <span class='ocrx_word' id='word_1_69' title='bbox 331 731 481 781; x_wconf 74' lang='grc' dir='ltr'>Ξενίζων</span> <span class='ocrx_word' id='word_1_70' title='bbox 495 731 547 779; x_wconf 78' lang='grc' dir='ltr'>τῷ</span> <span class='ocrx_word' id='word_1_71' title='bbox 559 731 673 784; x_wconf 75' lang='grc' dir='ltr'>τριβ.)</span> <span class='ocrx_word' id='word_1_72' title='bbox 687 731 780 769; x_wconf 85' lang='lat' dir='ltr'>Dixi</span> <span class='ocrx_word' id='word_1_73' title='bbox 793 731 902 783; x_wconf 87' lang='lat' dir='ltr'>supra</span> <span class='ocrx_word' id='word_1_74' title='bbox 917 731 961 769; x_wconf 87' lang='lat' dir='ltr'>ad</span> <span class='ocrx_word' id='word_1_75' title='bbox 976 731 1080 784; x_wconf 83' lang='lat' dir='ltr'><strong>Nigr.</strong></span> <span class='ocrx_word' id='word_1_76' title='bbox 1094 744 1176 783; x_wconf 86' lang='lat' dir='ltr'>cap.</span> <span class='ocrx_word' id='word_1_77' title='bbox 1193 731 1342 780; x_wconf 55' lang='lat'><em>1417&amp;-</em></span> 
     </span>
     <span class='ocr_line' id='line_1_11' title="bbox 18 781 1342 837; baseline 0.002 -15"><span class='ocrx_word' id='word_1_78' title='bbox 18 782 22 785; x_wconf 67' lang='grc'><strong>’</strong></span> <span class='ocrx_word' id='word_1_79' title='bbox 83 798 180 836; x_wconf 71' lang='grc' dir='ltr'><em>-γωνι</em></span> <span class='ocrx_word' id='word_1_80' title='bbox 196 795 324 823; x_wconf 87' lang='lat' dir='ltr'>tamen</span> <span class='ocrx_word' id='word_1_81' title='bbox 340 784 402 824; x_wconf 87' lang='lat' dir='ltr'>hic</span> <span class='ocrx_word' id='word_1_82' title='bbox 415 784 552 823; x_wconf 85' lang='lat' dir='ltr'>habent</span> <span class='ocrx_word' id='word_1_83' title='bbox 563 784 614 824; x_wconf 91' lang='lat' dir='ltr'>A.</span> <span class='ocrx_word' id='word_1_84' title='bbox 626 781 665 823; x_wconf 91' lang='lat' dir='ltr'>P.-</span> <span class='ocrx_word' id='word_1_85' title='bbox 681 784 720 823; x_wconf 66' lang='grc' dir='ltr'>δε</span> <span class='ocrx_word' id='word_1_86' title='bbox 737 785 778 822; x_wconf 94' lang='lat' dir='ltr'>L.</span> <span class='ocrx_word' id='word_1_87' title='bbox 792 784 862 823; x_wconf 88' lang='lat' dir='ltr'>Sed</span> <span class='ocrx_word' id='word_1_88' title='bbox 877 785 932 823; x_wconf 89' lang='lat' dir='ltr'>M.</span> <span class='ocrx_word' id='word_1_89' title='bbox 947 784 1048 823; x_wconf 62' lang='lat' dir='ltr'>recte</span> <span class='ocrx_word' id='word_1_90' title='bbox 1060 786 1174 824; x_wconf 90' lang='lat' dir='ltr'>etiam</span> <span class='ocrx_word' id='word_1_91' title='bbox 1189 786 1342 837; x_wconf 69' lang='grc' dir='ltr'>τριβωνι.</span> 
     </span>
     <span class='ocr_line' id='line_1_12' title="bbox 83 836 1341 890; baseline -0.001 -12"><span class='ocrx_word' id='word_1_92' title='bbox 83 839 241 878; x_wconf 77' lang='lat' dir='ltr'><strong>SOLAN.</strong></span> <span class='ocrx_word' id='word_1_93' title='bbox 257 838 410 888; x_wconf 74' lang='grc' dir='ltr'>Ξενίζειν</span> <span class='ocrx_word' id='word_1_94' title='bbox 427 836 479 876; x_wconf 89' lang='lat' dir='ltr'>est</span> <span class='ocrx_word' id='word_1_95' title='bbox 491 837 687 890; x_wconf 84' lang='lat' dir='ltr'>peregrina</span> <span class='ocrx_word' id='word_1_96' title='bbox 703 850 834 890; x_wconf 80' lang='lat' dir='ltr'>agere,</span> <span class='ocrx_word' id='word_1_97' title='bbox 850 838 973 877; x_wconf 84' lang='lat' dir='ltr'>dicere</span> <span class='ocrx_word' id='word_1_98' title='bbox 984 866 994 884; x_wconf 92' lang='lat'>‚</span> <span class='ocrx_word' id='word_1_99' title='bbox 1010 839 1050 877; x_wconf 89' lang='lat'>&amp;</span> <span class='ocrx_word' id='word_1_100' title='bbox 1064 838 1203 877; x_wconf 87' lang='lat' dir='ltr'>mirari.</span> <span class='ocrx_word' id='word_1_101' title='bbox 1225 837 1341 878; x_wconf 89' lang='lat' dir='ltr'>Conf.</span> 
     </span>
     <span class='ocr_line' id='line_1_13' title="bbox 84 889 1344 943; baseline 0 -12"><span class='ocrx_word' id='word_1_102' title='bbox 84 889 270 931; x_wconf 76' lang='lat' dir='ltr'>Nostrum</span> <span class='ocrx_word' id='word_1_103' title='bbox 284 890 383 931; x_wconf 83' lang='lat' dir='ltr'>Gall.</span> <span class='ocrx_word' id='word_1_104' title='bbox 401 904 435 930; x_wconf 92' lang='lat' dir='ltr'>c.</span> <span class='ocrx_word' id='word_1_105' title='bbox 451 905 464 929; x_wconf 89' lang='lat'><strong>1</strong></span> <span class='ocrx_word' id='word_1_106' title='bbox 474 891 496 930; x_wconf 87' lang='lat'>8</span> <span class='ocrx_word' id='word_1_107' title='bbox 510 891 631 941; x_wconf 83' lang='grc' dir='ltr'>,Ὄσῳ</span> <span class='ocrx_word' id='word_1_108' title='bbox 644 891 688 931; x_wconf 55' lang='lat' dir='ltr'>s&amp;</span> <span class='ocrx_word' id='word_1_109' title='bbox 702 892 746 930; x_wconf 72' lang='grc' dir='ltr'>ἂν</span> <span class='ocrx_word' id='word_1_110' title='bbox 760 891 949 942; x_wconf 74' lang='grc' dir='ltr'>ξενίζοιμι,</span> <span class='ocrx_word' id='word_1_111' title='bbox 968 891 1131 940; x_wconf 64' lang='grc' dir='ltr'>τετούτῳ</span> <span class='ocrx_word' id='word_1_112' title='bbox 1144 893 1344 943; x_wconf 71' lang='grc' dir='ltr'>καινότερος</span> 
     </span>
     <span class='ocr_line' id='line_1_14' title="bbox 84 941 1344 998; baseline 0.003 -16"><span class='ocrx_word' id='word_1_113' title='bbox 84 945 186 995; x_wconf 68' lang='grc' dir='ltr'>ᾤμην</span> <span class='ocrx_word' id='word_1_114' title='bbox 198 941 337 985; x_wconf 73' lang='grc' dir='ltr'>αὐτοῖς.</span> <span class='ocrx_word' id='word_1_115' title='bbox 357 945 403 984; x_wconf 90' lang='lat' dir='ltr'>Et</span> <span class='ocrx_word' id='word_1_116' title='bbox 420 945 493 983; x_wconf 89' lang='lat' dir='ltr'>vid.</span> <span class='ocrx_word' id='word_1_117' title='bbox 514 945 594 984; x_wconf 87' lang='lat' dir='ltr'>Bos</span> <span class='ocrx_word' id='word_1_118' title='bbox 606 944 679 984; x_wconf 87' lang='lat' dir='ltr'>adl</span> <span class='ocrx_word' id='word_1_119' title='bbox 696 945 798 998; x_wconf 87' lang='lat' dir='ltr'>epist.</span> <span class='ocrx_word' id='word_1_120' title='bbox 816 944 914 984; x_wconf 85' lang='lat' dir='ltr'>Petri</span> <span class='ocrx_word' id='word_1_121' title='bbox 932 944 1008 992; x_wconf 92' lang='lat' dir='ltr'>IV,</span> <span class='ocrx_word' id='word_1_122' title='bbox 1024 959 1082 985; x_wconf 88' lang='lat'>12.</span> <span class='ocrx_word' id='word_1_123' title='bbox 1095 945 1192 984; x_wconf 88' lang='lat' dir='ltr'>Item</span> <span class='ocrx_word' id='word_1_124' title='bbox 1202 944 1344 987; x_wconf 88' lang='lat' dir='ltr'>Elsner.</span> 
     </span>
     <span class='ocr_line' id='line_1_15' title="bbox 88 997 539 1046; baseline -0.004 -8"><span class='ocrx_word' id='word_1_125' title='bbox 88 999 136 1038; x_wconf 89' lang='lat' dir='ltr'>ad</span> <span class='ocrx_word' id='word_1_126' title='bbox 149 998 166 1036; x_wconf 93' lang='lat'><em>1</em></span> <span class='ocrx_word' id='word_1_127' title='bbox 180 997 274 1036; x_wconf 90' lang='lat' dir='ltr'>Petr.</span> <span class='ocrx_word' id='word_1_128' title='bbox 290 1012 334 1046; x_wconf 81' lang='lat'>4,</span> <span class='ocrx_word' id='word_1_129' title='bbox 346 1012 381 1046; x_wconf 91' lang='lat'>4.</span> <span class='ocrx_word' id='word_1_130' title='bbox 395 998 539 1036; x_wconf 75' lang='lat' dir='ltr'>Rmz.</span> 
     </span>
    </p>

    <p class='ocr_par' dir='ltr' id='par_1_8' title="bbox 141 1049 1298 1105">
     <span class='ocr_line' id='line_1_16' title="bbox 141 1049 1298 1105; baseline 0.002 -16"><span class='ocrx_word' id='word_1_131' title='bbox 141 1052 218 1090; x_wconf 81' lang='lat' dir='ltr'>ibid.</span> <span class='ocrx_word' id='word_1_132' title='bbox 228 1052 388 1105; x_wconf 72' lang='grc' dir='ltr'>Τριβωνι)</span> <span class='ocrx_word' id='word_1_133' title='bbox 403 1053 532 1091; x_wconf 84' lang='lat' dir='ltr'>Graeco</span> <span class='ocrx_word' id='word_1_134' title='bbox 540 1051 659 1104; x_wconf 84' lang='lat' dir='ltr'>pallio.</span> <span class='ocrx_word' id='word_1_135' title='bbox 671 1051 809 1091; x_wconf 87' lang='lat' dir='ltr'><strong>BROD.</strong></span> <span class='ocrx_word' id='word_1_136' title='bbox 822 1049 936 1104; x_wconf 80' lang='lat' dir='ltr'>Angl.</span> <span class='ocrx_word' id='word_1_137' title='bbox 952 1052 1112 1105; x_wconf 62' lang='grc' dir='ltr'>πώγωνι.</span> <span class='ocrx_word' id='word_1_138' title='bbox 1125 1052 1298 1092; x_wconf 84' lang='lat' dir='ltr'><strong>BOURD.</strong></span> 
     </span>
    </p>

    <p class='ocr_par' dir='ltr' id='par_1_9' title="bbox 89 1102 1346 1319">
     <span class='ocr_line' id='line_1_17' title="bbox 143 1102 1345 1160; baseline 0.002 -17"><span class='ocrx_word' id='word_1_139' title='bbox 143 1106 222 1143; x_wconf 79' lang='lat' dir='ltr'>ibid.</span> <span class='ocrx_word' id='word_1_140' title='bbox 238 1102 414 1157; x_wconf 70' lang='grc' dir='ltr'>Πονῖιρως)</span> <span class='ocrx_word' id='word_1_141' title='bbox 428 1105 483 1144; x_wconf 83' lang='lat' dir='ltr'>Ita</span> <span class='ocrx_word' id='word_1_142' title='bbox 495 1105 606 1152; x_wconf 51' lang='lat' dir='ltr'>recle,</span> <span class='ocrx_word' id='word_1_143' title='bbox 623 1116 665 1146; x_wconf 91' lang='lat' dir='ltr'>ut</span> <span class='ocrx_word' id='word_1_144' title='bbox 680 1106 716 1144; x_wconf 85' lang='lat' dir='ltr'>in</span> <span class='ocrx_word' id='word_1_145' title='bbox 731 1105 811 1144; x_wconf 87' lang='lat' dir='ltr'>edd.</span> <span class='ocrx_word' id='word_1_146' title='bbox 827 1104 1029 1157; x_wconf 82' lang='lat' dir='ltr'>prioribus,</span> <span class='ocrx_word' id='word_1_147' title='bbox 1046 1106 1069 1143; x_wconf 79' lang='lat' dir='ltr'>i.</span> <span class='ocrx_word' id='word_1_148' title='bbox 1086 1118 1117 1145; x_wconf 87' lang='lat' dir='ltr'>e.</span> <span class='ocrx_word' id='word_1_149' title='bbox 1135 1106 1345 1160; x_wconf 73' lang='lat' dir='ltr'>mc&#39;fire,pr.1-</span> 
     </span>
     <span class='ocr_line' id='line_1_18' title="bbox 89 1157 1346 1211; baseline 0.002 -15"><span class='ocrx_word' id='word_1_150' title='bbox 89 1170 145 1196; x_wconf 80' lang='lat' dir='ltr'>ve.</span> <span class='ocrx_word' id='word_1_151' title='bbox 167 1157 238 1197; x_wconf 88' lang='lat' dir='ltr'>Sed</span> <span class='ocrx_word' id='word_1_152' title='bbox 251 1158 339 1210; x_wconf 86' lang='lat' dir='ltr'>quia</span> <span class='ocrx_word' id='word_1_153' title='bbox 351 1157 543 1198; x_wconf 87' lang='lat' dir='ltr'>Gesnerus</span> <span class='ocrx_word' id='word_1_154' title='bbox 555 1160 673 1198; x_wconf 85' lang='lat' dir='ltr'>vertit</span> <span class='ocrx_word' id='word_1_155' title='bbox 687 1159 772 1198; x_wconf 79' lang='lat' dir='ltr'>male</span> <span class='ocrx_word' id='word_1_156' title='bbox 789 1159 899 1211; x_wconf 79' lang='lat' dir='ltr'>loqui,</span> <span class='ocrx_word' id='word_1_157' title='bbox 915 1171 996 1196; x_wconf 90' lang='lat' dir='ltr'>non</span> <span class='ocrx_word' id='word_1_158' title='bbox 1010 1170 1124 1198; x_wconf 89' lang='lat' dir='ltr'>nemo</span> <span class='ocrx_word' id='word_1_159' title='bbox 1141 1173 1201 1198; x_wconf 90' lang='lat' dir='ltr'>me</span> <span class='ocrx_word' id='word_1_160' title='bbox 1214 1161 1346 1199; x_wconf 82' lang='lat' dir='ltr'>admo-</span> 
     </span>
     <span class='ocr_line' id='line_1_19' title="bbox 91 1211 1346 1266; baseline 0.002 -16"><span class='ocrx_word' id='word_1_161' title='bbox 91 1212 190 1260; x_wconf 88' lang='lat' dir='ltr'>nuit,</span> <span class='ocrx_word' id='word_1_162' title='bbox 205 1224 303 1251; x_wconf 88' lang='lat' dir='ltr'>anne</span> <span class='ocrx_word' id='word_1_163' title='bbox 321 1212 480 1263; x_wconf 70' lang='grc' dir='ltr'>πονηρῶς</span> <span class='ocrx_word' id='word_1_164' title='bbox 494 1211 572 1265; x_wconf 88' lang='lat' dir='ltr'>ipse</span> <span class='ocrx_word' id='word_1_165' title='bbox 593 1212 777 1252; x_wconf 89' lang='lat' dir='ltr'>maluerit.</span> <span class='ocrx_word' id='word_1_166' title='bbox 795 1211 866 1252; x_wconf 85' lang='lat' dir='ltr'>Sed</span> <span class='ocrx_word' id='word_1_167' title='bbox 879 1212 1014 1251; x_wconf 89' lang='lat' dir='ltr'>eodem</span> <span class='ocrx_word' id='word_1_168' title='bbox 1028 1212 1142 1260; x_wconf 82' lang='lat' dir='ltr'>redit3</span> <span class='ocrx_word' id='word_1_169' title='bbox 1161 1214 1227 1266; x_wconf 90' lang='lat' dir='ltr'>qui</span> <span class='ocrx_word' id='word_1_170' title='bbox 1243 1216 1346 1253; x_wconf 87' lang='lat' dir='ltr'>enim</span> 
     </span>
     <span class='ocr_line' id='line_1_20' title="bbox 92 1265 945 1319; baseline -0.001 -15"><span class='ocrx_word' id='word_1_171' title='bbox 92 1265 227 1305; x_wconf 80' lang='lat' dir='ltr'>misere</span> <span class='ocrx_word' id='word_1_172' title='bbox 238 1265 446 1305; x_wconf 84' lang='lat' dir='ltr'>barbarizat</span> <span class='ocrx_word' id='word_1_173' title='bbox 457 1295 468 1312; x_wconf 90' lang='lat'>‚</span> <span class='ocrx_word' id='word_1_174' title='bbox 483 1267 582 1305; x_wconf 86' lang='lat' dir='ltr'>male</span> <span class='ocrx_word' id='word_1_175' title='bbox 595 1267 783 1319; x_wconf 88' lang='lat' dir='ltr'>loquitur.</span> <span class='ocrx_word' id='word_1_176' title='bbox 798 1266 945 1305; x_wconf 80' lang='lat' dir='ltr'>Rmz.</span> 
     </span>
    </p>

    <p class='ocr_par' dir='ltr' id='par_1_10' title="bbox 94 1317 1347 1425">
     <span class='ocr_line' id='line_1_21' title="bbox 146 1317 1347 1373; baseline 0.004 -16"><span class='ocrx_word' id='word_1_177' title='bbox 146 1319 237 1371; x_wconf 81' lang='lat' dir='ltr'>Pag.</span> <span class='ocrx_word' id='word_1_178' title='bbox 257 1333 344 1370; x_wconf 86' lang='lat'>245.</span> <span class='ocrx_word' id='word_1_179' title='bbox 358 1320 381 1358; x_wconf 91' lang='lat' dir='ltr'>l.</span> <span class='ocrx_word' id='word_1_180' title='bbox 396 1334 431 1359; x_wconf 92' lang='lat'>2.</span> <span class='ocrx_word' id='word_1_181' title='bbox 446 1317 698 1373; x_wconf 59' lang='lat' dir='ltr'>Euynm&#39;zsaev)</span> <span class='ocrx_word' id='word_1_182' title='bbox 713 1319 956 1372; x_wconf 79' lang='grc' dir='ltr'>Συμμίχθων.</span> <span class='ocrx_word' id='word_1_183' title='bbox 970 1318 1110 1360; x_wconf 83' lang='lat' dir='ltr'><strong>BROD.</strong></span> <span class='ocrx_word' id='word_1_184' title='bbox 1121 1321 1347 1371; x_wconf 75' lang='grc' dir='ltr'><em>Συμμίκτων</em></span> 
     </span>
     <span class='ocr_line' id='line_1_22' title="bbox 94 1372 1054 1425; baseline 0 -14"><span class='ocrx_word' id='word_1_185' title='bbox 94 1372 160 1412; x_wconf 66' lang='grc' dir='ltr'>καὶ</span> <span class='ocrx_word' id='word_1_186' title='bbox 172 1372 377 1412; x_wconf 59' lang='grc' dir='ltr'>ἑπηλὺἓων.</span> <span class='ocrx_word' id='word_1_187' title='bbox 392 1372 452 1413; x_wconf 90' lang='lat' dir='ltr'>Sic</span> <span class='ocrx_word' id='word_1_188' title='bbox 462 1375 508 1411; x_wconf 79' lang='lat' dir='ltr'>ad</span> <span class='ocrx_word' id='word_1_189' title='bbox 520 1385 630 1413; x_wconf 86' lang='lat' dir='ltr'>oram</span> <span class='ocrx_word' id='word_1_190' title='bbox 644 1373 758 1425; x_wconf 80' lang='lat' dir='ltr'>Angl.</span> <span class='ocrx_word' id='word_1_191' title='bbox 771 1373 867 1413; x_wconf 86' lang='lat' dir='ltr'>Cod.</span> <span class='ocrx_word' id='word_1_192' title='bbox 883 1373 1054 1412; x_wconf 82' lang='lat' dir='ltr'><strong>BOURD.</strong></span> 
     </span>
    </p>

    <p class='ocr_par' dir='ltr' id='par_1_11' title="bbox 86 1425 1364 1963">
     <span class='ocr_line' id='line_1_23' title="bbox 149 1425 1364 1480; baseline 0.004 -17"><span class='ocrx_word' id='word_1_193' title='bbox 149 1427 224 1464; x_wconf 85' lang='lat' dir='ltr'>ead.</span> <span class='ocrx_word' id='word_1_194' title='bbox 239 1426 262 1465; x_wconf 89' lang='lat' dir='ltr'>l.</span> <span class='ocrx_word' id='word_1_195' title='bbox 275 1441 312 1475; x_wconf 90' lang='lat'>4.</span> <span class='ocrx_word' id='word_1_196' title='bbox 321 1426 414 1466; x_wconf 54' lang='lat' dir='ltr'>‘Tufa</span> <span class='ocrx_word' id='word_1_197' title='bbox 428 1426 587 1480; x_wconf 55' lang='grc' dir='ltr'>κώθωνι)</span> <span class='ocrx_word' id='word_1_198' title='bbox 601 1427 661 1467; x_wconf 89' lang='lat' dir='ltr'>Sic</span> <span class='ocrx_word' id='word_1_199' title='bbox 673 1427 784 1473; x_wconf 79' lang='lat' dir='ltr'>infra,</span> <span class='ocrx_word' id='word_1_200' title='bbox 796 1426 926 1466; x_wconf 84' lang='lat' dir='ltr'>versus</span> <span class='ocrx_word' id='word_1_201' title='bbox 936 1425 999 1464; x_wconf 87' lang='lat' dir='ltr'>fin.</span> <span class='ocrx_word' id='word_1_202' title='bbox 1013 1427 1127 1466; x_wconf 84' lang='lat' dir='ltr'>huius</span> <span class='ocrx_word' id='word_1_203' title='bbox 1139 1427 1240 1467; x_wconf 81' lang='lat' dir='ltr'>Dial.</span> <span class='ocrx_word' id='word_1_204' title='bbox 1253 1428 1268 1466; x_wconf 77' lang='grc' dir='ltr'>ὅ</span> <span class='ocrx_word' id='word_1_205' title='bbox 1281 1428 1364 1469; x_wconf 56' lang='lat' dir='ltr'>MS·⁴</span> 
     </span>
     <span class='ocr_line' id='line_1_24' title="bbox 95 1477 1350 1535; baseline 0.002 -16"><span class='ocrx_word' id='word_1_206' title='bbox 95 1478 171 1519; x_wconf 70' lang='lat' dir='ltr'>Soev</span> <span class='ocrx_word' id='word_1_207' title='bbox 183 1477 320 1533; x_wconf 63' lang='grc' dir='ltr'>ἤχησε.</span> <span class='ocrx_word' id='word_1_208' title='bbox 332 1479 492 1520; x_wconf 84' lang='lat' dir='ltr'>Casaub.</span> <span class='ocrx_word' id='word_1_209' title='bbox 511 1481 558 1519; x_wconf 89' lang='lat' dir='ltr'>ad</span> <span class='ocrx_word' id='word_1_210' title='bbox 578 1481 680 1521; x_wconf 87' lang='lat' dir='ltr'>Suet.</span> <span class='ocrx_word' id='word_1_211' title='bbox 698 1481 799 1533; x_wconf 84' lang='lat' dir='ltr'>Aug.</span> <span class='ocrx_word' id='word_1_212' title='bbox 813 1481 982 1520; x_wconf 81' lang='lat' dir='ltr'><strong>BOURD&#39;.</strong></span> <span class='ocrx_word' id='word_1_213' title='bbox 993 1480 1078 1520; x_wconf 88' lang='lat' dir='ltr'>Vid.</span> <span class='ocrx_word' id='word_1_214' title='bbox 1091 1481 1227 1520; x_wconf 89' lang='lat' dir='ltr'>iterum</span> <span class='ocrx_word' id='word_1_215' title='bbox 1241 1495 1271 1521; x_wconf 94' lang='lat' dir='ltr'>c.</span> <span class='ocrx_word' id='word_1_216' title='bbox 1286 1493 1350 1535; x_wconf 69' lang='lat'>31.</span> 
     </span>
     <span class='ocr_line' id='line_1_25' title="bbox 93 1532 1349 1588; baseline 0.002 -16"><span class='ocrx_word' id='word_1_217' title='bbox 93 1533 168 1573; x_wconf 83' lang='lat' dir='ltr'>Sed</span> <span class='ocrx_word' id='word_1_218' title='bbox 179 1545 278 1573; x_wconf 93' lang='lat' dir='ltr'>cave</span> <span class='ocrx_word' id='word_1_219' title='bbox 289 1532 360 1572; x_wconf 85' lang='lat' dir='ltr'>Ios.</span> <span class='ocrx_word' id='word_1_220' title='bbox 374 1535 578 1574; x_wconf 90' lang='lat' dir='ltr'>Laurentio</span> <span class='ocrx_word' id='word_1_221' title='bbox 588 1535 717 1574; x_wconf 85' lang='lat' dir='ltr'>credas</span> <span class='ocrx_word' id='word_1_222' title='bbox 726 1563 736 1582; x_wconf 84' lang='lat'><strong>‚</strong></span> <span class='ocrx_word' id='word_1_223' title='bbox 751 1536 797 1574; x_wconf 89' lang='lat' dir='ltr'>de</span> <span class='ocrx_word' id='word_1_224' title='bbox 811 1534 983 1573; x_wconf 88' lang='lat' dir='ltr'>machina</span> <span class='ocrx_word' id='word_1_225' title='bbox 997 1534 1215 1587; x_wconf 79' lang='lat' dir='ltr'>intelligenti</span> <span class='ocrx_word' id='word_1_226' title='bbox 1227 1564 1238 1583; x_wconf 86' lang='lat'>‚</span> <span class='ocrx_word' id='word_1_227' title='bbox 1251 1549 1349 1588; x_wconf 89' lang='lat' dir='ltr'>quae</span> 
     </span>
     <span class='ocr_line' id='line_1_26' title="bbox 86 1586 1350 1641; baseline 0.002 -16"><span class='ocrx_word' id='word_1_228' title='bbox 86 1586 308 1639; x_wconf 51' lang='lat' dir='ltr'>&gt;ponderum</span> <span class='ocrx_word' id='word_1_229' title='bbox 325 1587 366 1627; x_wconf 87' lang='lat'>&amp;</span> <span class='ocrx_word' id='word_1_230' title='bbox 380 1599 554 1638; x_wconf 75' lang='lat' dir='ltr'>rotarum</span> <span class='ocrx_word' id='word_1_231' title='bbox 568 1601 642 1640; x_wconf 89' lang='lat' dir='ltr'>ope</span> <span class='ocrx_word' id='word_1_232' title='bbox 653 1619 664 1637; x_wconf 89' lang='lat'><strong><em>‚</em></strong></span> <span class='ocrx_word' id='word_1_233' title='bbox 680 1587 748 1628; x_wconf 89' lang='lat' dir='ltr'>sub</span> <span class='ocrx_word' id='word_1_234' title='bbox 764 1588 914 1627; x_wconf 63' lang='lat' dir='ltr'>noctem</span> <span class='ocrx_word' id='word_1_235' title='bbox 929 1587 1104 1640; x_wconf 84' lang='lat' dir='ltr'>dispofita</span> <span class='ocrx_word' id='word_1_236' title='bbox 1115 1618 1128 1634; x_wconf 88' lang='lat'><em>,</em></span> <span class='ocrx_word' id='word_1_237' title='bbox 1143 1589 1190 1627; x_wconf 84' lang='lat' dir='ltr'>ad</span> <span class='ocrx_word' id='word_1_238' title='bbox 1211 1602 1350 1641; x_wconf 86' lang='lat' dir='ltr'>quam-</span> 
     </span>
     <span class='ocr_line' id='line_1_27' title="bbox 98 1640 1352 1694; baseline 0.002 -15"><span class='ocrx_word' id='word_1_239' title='bbox 98 1640 191 1679; x_wconf 85' lang='lat' dir='ltr'>libet</span> <span class='ocrx_word' id='word_1_240' title='bbox 202 1641 335 1681; x_wconf 87' lang='lat' dir='ltr'>horam</span> <span class='ocrx_word' id='word_1_241' title='bbox 347 1641 545 1681; x_wconf 89' lang='lat' dir='ltr'>dominum</span> <span class='ocrx_word' id='word_1_242' title='bbox 555 1641 800 1694; x_wconf 84' lang='lat' dir='ltr'>campanulae</span> <span class='ocrx_word' id='word_1_243' title='bbox 812 1641 907 1681; x_wconf 89' lang='lat' dir='ltr'>sono</span> <span class='ocrx_word' id='word_1_244' title='bbox 921 1654 943 1681; x_wconf 92' lang='lat' dir='ltr'>e</span> <span class='ocrx_word' id='word_1_245' title='bbox 955 1640 1090 1680; x_wconf 90' lang='lat' dir='ltr'>somno</span> <span class='ocrx_word' id='word_1_246' title='bbox 1102 1643 1249 1682; x_wconf 79' lang='lat' dir='ltr'>excitat.</span> <span class='ocrx_word' id='word_1_247' title='bbox 1260 1642 1352 1682; x_wconf 84' lang='lat' dir='ltr'>AG.</span> 
     </span>
     <span class='ocr_line' id='line_1_28' title="bbox 96 1694 1352 1748; baseline 0.001 -14"><span class='ocrx_word' id='word_1_248' title='bbox 96 1694 154 1734; x_wconf 92' lang='lat' dir='ltr'>IX</span> <span class='ocrx_word' id='word_1_249' title='bbox 164 1724 178 1740; x_wconf 92' lang='lat'><em>‚</em></span> <span class='ocrx_word' id='word_1_250' title='bbox 195 1708 210 1733; x_wconf 90' lang='lat'>1</span> <span class='ocrx_word' id='word_1_251' title='bbox 221 1708 306 1746; x_wconf 86' lang='lat'><strong>249.</strong></span> <span class='ocrx_word' id='word_1_252' title='bbox 317 1695 351 1734; x_wconf 89' lang='lat' dir='ltr'>Is</span> <span class='ocrx_word' id='word_1_253' title='bbox 361 1695 482 1735; x_wconf 85' lang='lat' dir='ltr'>homo</span> <span class='ocrx_word' id='word_1_254' title='bbox 502 1695 587 1734; x_wconf 86' lang='lat' dir='ltr'>sane</span> <span class='ocrx_word' id='word_1_255' title='bbox 602 1695 692 1734; x_wconf 86' lang='lat' dir='ltr'>nihil</span> <span class='ocrx_word' id='word_1_256' title='bbox 710 1695 781 1734; x_wconf 87' lang='lat' dir='ltr'>nifi</span> <span class='ocrx_word' id='word_1_257' title='bbox 795 1696 1017 1734; x_wconf 86' lang='lat' dir='ltr'>hodiernum</span> <span class='ocrx_word' id='word_1_258' title='bbox 1034 1705 1145 1733; x_wconf 81' lang='lat' dir='ltr'>norat</span> <span class='ocrx_word' id='word_1_259' title='bbox 1156 1726 1169 1741; x_wconf 88' lang='lat'><em>,</em></span> <span class='ocrx_word' id='word_1_260' title='bbox 1185 1696 1251 1748; x_wconf 81' lang='lat' dir='ltr'>qui</span> <span class='ocrx_word' id='word_1_261' title='bbox 1264 1696 1352 1735; x_wconf 86' lang='lat' dir='ltr'>alibi</span> 
     </span>
     <span class='ocr_line' id='line_1_29' title="bbox 97 1747 1353 1789; baseline 0.002 -3"><span class='ocrx_word' id='word_1_262' title='bbox 97 1748 212 1787; x_wconf 83' lang='lat' dir='ltr'>etiam</span> <span class='ocrx_word' id='word_1_263' title='bbox 224 1747 359 1788; x_wconf 80' lang='lat' dir='ltr'>solaria</span> <span class='ocrx_word' id='word_1_264' title='bbox 371 1760 544 1788; x_wconf 86' lang='lat' dir='ltr'>veterum</span> <span class='ocrx_word' id='word_1_265' title='bbox 557 1749 687 1788; x_wconf 83' lang='lat' dir='ltr'>eadem</span> <span class='ocrx_word' id='word_1_266' title='bbox 698 1761 785 1788; x_wconf 89' lang='lat' dir='ltr'>cum</span> <span class='ocrx_word' id='word_1_267' title='bbox 798 1749 934 1788; x_wconf 84' lang='lat' dir='ltr'>nostris</span> <span class='ocrx_word' id='word_1_268' title='bbox 943 1747 1048 1787; x_wconf 79' lang='lat' dir='ltr'>fuisse</span> <span class='ocrx_word' id='word_1_269' title='bbox 1060 1748 1272 1789; x_wconf 81' lang='lat' dir='ltr'>somniavit.</span> <span class='ocrx_word' id='word_1_270' title='bbox 1287 1750 1353 1789; x_wconf 87' lang='lat' dir='ltr'>So-</span> 
     </span>
     <span class='ocr_line' id='line_1_30' title="bbox 99 1801 1353 1850; baseline 0.002 -10"><span class='ocrx_word' id='word_1_271' title='bbox 99 1801 260 1841; x_wconf 86' lang='lat' dir='ltr'>mniavit</span> <span class='ocrx_word' id='word_1_272' title='bbox 272 1802 388 1841; x_wconf 88' lang='lat' dir='ltr'>etiam</span> <span class='ocrx_word' id='word_1_273' title='bbox 401 1802 607 1842; x_wconf 87' lang='lat' dir='ltr'>Scholiasta</span> <span class='ocrx_word' id='word_1_274' title='bbox 618 1831 629 1850; x_wconf 83' lang='lat'>‚</span> <span class='ocrx_word' id='word_1_275' title='bbox 642 1816 729 1843; x_wconf 91' lang='lat' dir='ltr'>cum</span> <span class='ocrx_word' id='word_1_276' title='bbox 743 1802 1037 1842; x_wconf 83' lang='lat' dir='ltr'>tintinnabulum</span> <span class='ocrx_word' id='word_1_277' title='bbox 1054 1802 1128 1841; x_wconf 91' lang='lat' dir='ltr'>hoc</span> <span class='ocrx_word' id='word_1_278' title='bbox 1143 1803 1187 1841; x_wconf 84' lang='lat' dir='ltr'>ad</span> <span class='ocrx_word' id='word_1_279' title='bbox 1199 1803 1353 1842; x_wconf 87' lang='lat' dir='ltr'>concio-</span> 
     </span>
     <span class='ocr_line' id='line_1_31' title="bbox 99 1856 1353 1901; baseline 0 -6"><span class='ocrx_word' id='word_1_280' title='bbox 99 1867 188 1895; x_wconf 85' lang='lat' dir='ltr'>nem</span> <span class='ocrx_word' id='word_1_281' title='bbox 201 1868 344 1896; x_wconf 86' lang='lat' dir='ltr'>vocare</span> <span class='ocrx_word' id='word_1_282' title='bbox 359 1856 532 1896; x_wconf 88' lang='lat' dir='ltr'>credidit:</span> <span class='ocrx_word' id='word_1_283' title='bbox 551 1856 795 1896; x_wconf 89' lang='lat' dir='ltr'>domesticum</span> <span class='ocrx_word' id='word_1_284' title='bbox 817 1857 917 1895; x_wconf 87' lang='lat' dir='ltr'>enim</span> <span class='ocrx_word' id='word_1_285' title='bbox 939 1866 1041 1901; x_wconf 80' lang='lat' dir='ltr'>erat,</span> <span class='ocrx_word' id='word_1_286' title='bbox 1061 1857 1225 1895; x_wconf 87' lang='lat' dir='ltr'>necdum</span> <span class='ocrx_word' id='word_1_287' title='bbox 1249 1869 1353 1896; x_wconf 84' lang='lat' dir='ltr'>cam·</span> 
     </span>
     <span class='ocr_line' id='line_1_32' title="bbox 100 1908 1036 1963; baseline -0.001 -15"><span class='ocrx_word' id='word_1_288' title='bbox 100 1921 222 1963; x_wconf 79' lang='lat' dir='ltr'>panae</span> <span class='ocrx_word' id='word_1_289' title='bbox 236 1908 384 1950; x_wconf 86' lang='lat' dir='ltr'>nostrae</span> <span class='ocrx_word' id='word_1_290' title='bbox 398 1910 606 1950; x_wconf 85' lang='lat' dir='ltr'>hodiernae</span> <span class='ocrx_word' id='word_1_291' title='bbox 617 1911 656 1949; x_wconf 91' lang='lat' dir='ltr'>in</span> <span class='ocrx_word' id='word_1_292' title='bbox 669 1909 739 1949; x_wconf 83' lang='lat' dir='ltr'>usu</span> <span class='ocrx_word' id='word_1_293' title='bbox 751 1920 867 1949; x_wconf 87' lang='lat' dir='ltr'>erant.</span> <span class='ocrx_word' id='word_1_294' title='bbox 881 1910 1036 1949; x_wconf 81' lang='lat' dir='ltr'><strong>SOLAN.</strong></span> 
     </span>
    </p>

    <p class='ocr_par' dir='ltr' id='par_1_12' title="bbox 154 1960 1357 2017">
     <span class='ocr_line' id='line_1_33' title="bbox 154 1960 1357 2017; baseline 0.002 -15"><span class='ocrx_word' id='word_1_295' title='bbox 154 1965 226 2002; x_wconf 83' lang='lat' dir='ltr'>ead.</span> <span class='ocrx_word' id='word_1_296' title='bbox 237 1963 262 2001; x_wconf 91' lang='lat' dir='ltr'>l.</span> <span class='ocrx_word' id='word_1_297' title='bbox 275 1963 309 2002; x_wconf 90' lang='lat'>6.</span> <span class='ocrx_word' id='word_1_298' title='bbox 320 1963 579 2017; x_wconf 79' lang='grc' dir='ltr'>Συμπεριθεῐς)</span> <span class='ocrx_word' id='word_1_299' title='bbox 590 1960 704 2004; x_wconf 74' lang='lat' dir='ltr'>Aliud</span> <span class='ocrx_word' id='word_1_300' title='bbox 716 1963 879 2017; x_wconf 85' lang='lat' dir='ltr'>exempl.</span> <span class='ocrx_word' id='word_1_301' title='bbox 893 1977 1109 2016; x_wconf 72' lang='grc' dir='ltr'><em>συμπεριπα</em></span> <span class='ocrx_word' id='word_1_302' title='bbox 1116 1963 1201 2003; x_wconf 61' lang='grc' dir='ltr'><em>τεῖς.</em></span> <span class='ocrx_word' id='word_1_303' title='bbox 1215 1964 1357 2004; x_wconf 77' lang='lat' dir='ltr'>Bnon;</span> 
     </span>
    </p>

    <p class='ocr_par' dir='ltr' id='par_1_13' title="bbox 102 2016 1378 2178">
     <span class='ocr_line' id='line_1_34' title="bbox 156 2016 1378 2070; baseline 0.002 -16"><span class='ocrx_word' id='word_1_304' title='bbox 156 2016 321 2056; x_wconf 56' lang='lat' dir='ltr'>ibidJE‘n</span> <span class='ocrx_word' id='word_1_305' title='bbox 332 2020 394 2057; x_wconf 68' lang='grc' dir='ltr'>τὸν</span> <span class='ocrx_word' id='word_1_306' title='bbox 409 2017 539 2068; x_wconf 65' lang='grc' dir='ltr'>χθιζὸν</span> <span class='ocrx_word' id='word_1_307' title='bbox 551 2020 668 2058; x_wconf 63' lang='grc' dir='ltr'>πηλὸν</span> <span class='ocrx_word' id='word_1_308' title='bbox 682 2016 780 2070; x_wconf 77' lang='grc' dir='ltr'>ἔχων</span> <span class='ocrx_word' id='word_1_309' title='bbox 793 2017 828 2056; x_wconf 73' lang='grc' dir='ltr'>ἐν</span> <span class='ocrx_word' id='word_1_310' title='bbox 843 2017 919 2055; x_wconf 85' lang='grc' dir='ltr'><em>τοῖν</em></span> <span class='ocrx_word' id='word_1_311' title='bbox 935 2016 1099 2069; x_wconf 77' lang='grc' dir='ltr'>σκελοῖν)</span> <span class='ocrx_word' id='word_1_312' title='bbox 1114 2018 1203 2057; x_wconf 91' lang='lat' dir='ltr'>Hoc</span> <span class='ocrx_word' id='word_1_313' title='bbox 1214 2031 1262 2057; x_wconf 89' lang='lat' dir='ltr'>eo</span> <span class='ocrx_word' id='word_1_314' title='bbox 1274 2031 1356 2070; x_wconf 87' lang='lat' dir='ltr'>per·</span> <span class='ocrx_word' id='word_1_315' title='bbox 1377 2030 1378 2035; x_wconf 59' lang='lat'>¹</span> 
     </span>
     <span class='ocr_line' id='line_1_35' title="bbox 102 2069 1357 2125; baseline 0.001 -15"><span class='ocrx_word' id='word_1_316' title='bbox 102 2069 219 2118; x_wconf 85' lang='lat' dir='ltr'>tinet,</span> <span class='ocrx_word' id='word_1_317' title='bbox 234 2071 339 2122; x_wconf 91' lang='lat' dir='ltr'>quod</span> <span class='ocrx_word' id='word_1_318' title='bbox 354 2071 457 2110; x_wconf 89' lang='lat' dir='ltr'>nulla</span> <span class='ocrx_word' id='word_1_319' title='bbox 475 2072 660 2111; x_wconf 85' lang='lat' dir='ltr'>Romanis</span> <span class='ocrx_word' id='word_1_320' title='bbox 678 2070 879 2111; x_wconf 85' lang='lat' dir='ltr'>feminalia.</span> <span class='ocrx_word' id='word_1_321' title='bbox 893 2070 985 2110; x_wconf 89' lang='lat' dir='ltr'>Dixi</span> <span class='ocrx_word' id='word_1_322' title='bbox 999 2072 1044 2110; x_wconf 84' lang='lat' dir='ltr'>ad</span> <span class='ocrx_word' id='word_1_323' title='bbox 1062 2070 1233 2124; x_wconf 84' lang='lat' dir='ltr'>Propert.</span> <span class='ocrx_word' id='word_1_324' title='bbox 1252 2072 1357 2125; x_wconf 79' lang='lat' dir='ltr'>Eleg.</span> 
     </span>
     <span class='ocr_line' id='line_1_36' title="bbox 109 2124 492 2178; baseline 0.008 -16"><span class='ocrx_word' id='word_1_325' title='bbox 109 2139 148 2178; x_wconf 83' lang='lat'>3,</span> <span class='ocrx_word' id='word_1_326' title='bbox 163 2124 204 2163; x_wconf 95' lang='lat' dir='ltr'>L.</span> <span class='ocrx_word' id='word_1_327' title='bbox 223 2124 287 2163; x_wconf 89' lang='lat' dir='ltr'>Ill.</span> <span class='ocrx_word' id='word_1_328' title='bbox 303 2125 492 2165; x_wconf 78' lang='lat' dir='ltr'><strong>MAch..</strong></span> 
     </span>
    </p>

    <p class='ocr_par' dir='ltr' id='par_1_14' title="bbox 157 2178 1206 2232">
     <span class='ocr_line' id='line_1_37' title="bbox 157 2178 1206 2232; baseline 0.002 -16"><span class='ocrx_word' id='word_1_329' title='bbox 157 2180 235 2216; x_wconf 83' lang='lat' dir='ltr'>ead.</span> <span class='ocrx_word' id='word_1_330' title='bbox 245 2178 268 2217; x_wconf 88' lang='lat' dir='ltr'>l.</span> <span class='ocrx_word' id='word_1_331' title='bbox 281 2192 318 2229; x_wconf 92' lang='lat'>7.</span> <span class='ocrx_word' id='word_1_332' title='bbox 329 2178 493 2232; x_wconf 84' lang='grc' dir='ltr'>Θέρμων)</span> <span class='ocrx_word' id='word_1_333' title='bbox 507 2180 713 2230; x_wconf 71' lang='lat' dir='ltr'>lupinorum</span> <span class='ocrx_word' id='word_1_334' title='bbox 726 2208 735 2226; x_wconf 81' lang='grc'><em>,</em></span> <span class='ocrx_word' id='word_1_335' title='bbox 750 2179 969 2232; x_wconf 74' lang='lat' dir='ltr'>cuiuftunque</span> <span class='ocrx_word' id='word_1_336' title='bbox 980 2179 1054 2218; x_wconf 77' lang='lat' dir='ltr'>cibi.</span> <span class='ocrx_word' id='word_1_337' title='bbox 1067 2179 1206 2218; x_wconf 87' lang='lat' dir='ltr'><strong>BROD.</strong></span> 
     </span>
    </p>

    <p class='ocr_par' dir='ltr' id='par_1_15' title="bbox 93 2232 1361 2499">
     <span class='ocr_line' id='line_1_38' title="bbox 160 2232 1358 2286; baseline 0.002 -16"><span class='ocrx_word' id='word_1_338' title='bbox 160 2234 235 2271; x_wconf 82' lang='lat' dir='ltr'>ead.</span> <span class='ocrx_word' id='word_1_339' title='bbox 257 2233 282 2270; x_wconf 88' lang='lat' dir='ltr'>l.</span> <span class='ocrx_word' id='word_1_340' title='bbox 300 2245 359 2280; x_wconf 88' lang='lat'>14.</span> <span class='ocrx_word' id='word_1_341' title='bbox 375 2232 573 2286; x_wconf 76' lang='grc' dir='ltr'>Λιχνείοις)</span> <span class='ocrx_word' id='word_1_342' title='bbox 589 2232 772 2272; x_wconf 88' lang='lat' dir='ltr'>Mendose</span> <span class='ocrx_word' id='word_1_343' title='bbox 793 2234 831 2271; x_wconf 89' lang='lat' dir='ltr'>in</span> <span class='ocrx_word' id='word_1_344' title='bbox 854 2232 1038 2286; x_wconf 83' lang='lat' dir='ltr'>plerisque</span> <span class='ocrx_word' id='word_1_345' title='bbox 1059 2244 1144 2272; x_wconf 85' lang='lat' dir='ltr'>ante</span> <span class='ocrx_word' id='word_1_346' title='bbox 1163 2232 1358 2285; x_wconf 82' lang='lat' dir='ltr'>legebatur</span> 
     </span>
     <span class='ocr_line' id='line_1_39' title="bbox 107 2284 720 2338; baseline 0.002 -14"><span class='ocrx_word' id='word_1_347' title='bbox 107 2285 278 2338; x_wconf 73' lang='grc' dir='ltr'>λιχνίοις,</span> <span class='ocrx_word' id='word_1_348' title='bbox 291 2284 332 2324; x_wconf 88' lang='lat'>&amp;</span> <span class='ocrx_word' id='word_1_349' title='bbox 346 2286 385 2324; x_wconf 91' lang='lat' dir='ltr'>in</span> <span class='ocrx_word' id='word_1_350' title='bbox 397 2286 480 2338; x_wconf 91' lang='lat' dir='ltr'>ipso</span> <span class='ocrx_word' id='word_1_351' title='bbox 493 2287 547 2326; x_wconf 90' lang='lat' dir='ltr'>M.</span> <span class='ocrx_word' id='word_1_352' title='bbox 563 2287 720 2327; x_wconf 78' lang='lat' dir='ltr'><strong>SOLAN.</strong></span> 
     </span>
     <span class='ocr_line' id='line_1_40' title="bbox 93 2338 1360 2394; baseline 0.002 -18"><span class='ocrx_word' id='word_1_353' title='bbox 93 2365 99 2370; x_wconf 80' lang='lat'>-</span> <span class='ocrx_word' id='word_1_354' title='bbox 161 2339 240 2376; x_wconf 82' lang='lat' dir='ltr'>ibid.</span> <span class='ocrx_word' id='word_1_355' title='bbox 248 2338 481 2392; x_wconf 72' lang='grc' dir='ltr'>Τὰπίχειροι)</span> <span class='ocrx_word' id='word_1_356' title='bbox 493 2342 548 2378; x_wconf 71' lang='grc' dir='ltr'>Τὰ</span> <span class='ocrx_word' id='word_1_357' title='bbox 559 2339 747 2394; x_wconf 71' lang='grc' dir='ltr'>ἒπίχειροι.</span> <span class='ocrx_word' id='word_1_358' title='bbox 759 2341 896 2379; x_wconf 80' lang='lat' dir='ltr'><strong>BROD.</strong></span> <span class='ocrx_word' id='word_1_359' title='bbox 909 2340 968 2379; x_wconf 86' lang='lat' dir='ltr'>Sic</span> <span class='ocrx_word' id='word_1_360' title='bbox 981 2340 1025 2378; x_wconf 84' lang='lat' dir='ltr'>ad</span> <span class='ocrx_word' id='word_1_361' title='bbox 1038 2339 1263 2392; x_wconf 82' lang='lat' dir='ltr'>praecedens</span> <span class='ocrx_word' id='word_1_362' title='bbox 1273 2352 1360 2378; x_wconf 86' lang='lat' dir='ltr'>ver-</span> 
     </span>
     <span class='ocr_line' id='line_1_41' title="bbox 93 2391 1361 2445; baseline 0 -14"><span class='ocrx_word' id='word_1_363' title='bbox 93 2421 95 2423; x_wconf 82' lang='lat'>·</span> <span class='ocrx_word' id='word_1_364' title='bbox 109 2392 201 2431; x_wconf 85' lang='lat' dir='ltr'>bum</span> <span class='ocrx_word' id='word_1_365' title='bbox 214 2391 414 2443; x_wconf 61' lang='lat' dir='ltr'>stoewoepek</span> <span class='ocrx_word' id='word_1_366' title='bbox 426 2406 585 2445; x_wconf 89' lang='lat' dir='ltr'>quoque</span> <span class='ocrx_word' id='word_1_367' title='bbox 596 2405 875 2434; x_wconf 83' lang='lat' dir='ltr'>commentatus</span> <span class='ocrx_word' id='word_1_368' title='bbox 886 2404 966 2432; x_wconf 82' lang='lat' dir='ltr'>erat</span> <span class='ocrx_word' id='word_1_369' title='bbox 980 2394 1077 2432; x_wconf 91' lang='lat' dir='ltr'>idem</span> <span class='ocrx_word' id='word_1_370' title='bbox 1087 2425 1098 2441; x_wconf 77' lang='grc'>,</span> <span class='ocrx_word' id='word_1_371' title='bbox 1113 2393 1148 2431; x_wconf 91' lang='lat' dir='ltr'>id</span> <span class='ocrx_word' id='word_1_372' title='bbox 1162 2392 1234 2431; x_wconf 78' lang='lat' dir='ltr'>effe</span> <span class='ocrx_word' id='word_1_373' title='bbox 1248 2405 1268 2431; x_wconf 85' lang='lat' dir='ltr'>a</span> <span class='ocrx_word' id='word_1_374' title='bbox 1281 2391 1361 2431; x_wconf 58' lang='lat'>‹5³12-</span> 
     </span>
     <span class='ocr_line' id='line_1_42' title="bbox 111 2445 1360 2499; baseline 0 -15"><span class='ocrx_word' id='word_1_375' title='bbox 111 2446 221 2495; x_wconf 63' lang='grc' dir='ltr'><em>σπείρω</em></span> <span class='ocrx_word' id='word_1_376' title='bbox 232 2476 243 2493; x_wconf 85' lang='grc'><em>,</em></span> <span class='ocrx_word' id='word_1_377' title='bbox 264 2445 303 2484; x_wconf 61' lang='grc' dir='ltr'>δι</span> <span class='ocrx_word' id='word_1_378' title='bbox 320 2446 435 2497; x_wconf 86' lang='lat' dir='ltr'>paulo</span> <span class='ocrx_word' id='word_1_379' title='bbox 455 2445 566 2499; x_wconf 85' lang='lat' dir='ltr'>supra</span> <span class='ocrx_word' id='word_1_380' title='bbox 586 2448 633 2487; x_wconf 91' lang='lat' dir='ltr'>ad</span> <span class='ocrx_word' id='word_1_381' title='bbox 648 2447 774 2493; x_wconf 69' lang='grc' dir='ltr'>ἑάλως,</span> <span class='ocrx_word' id='word_1_382' title='bbox 793 2446 866 2486; x_wconf 75' lang='lat' dir='ltr'>ess&#39;e</span> <span class='ocrx_word' id='word_1_383' title='bbox 882 2447 929 2486; x_wconf 83' lang='lat' dir='ltr'>ab</span> <span class='ocrx_word' id='word_1_384' title='bbox 945 2445 1111 2493; x_wconf 52' lang='lat' dir='ltr'>&amp;nio-um</span> <span class='ocrx_word' id='word_1_385' title='bbox 1127 2445 1187 2485; x_wconf 90' lang='lat' dir='ltr'>sed</span> <span class='ocrx_word' id='word_1_386' title='bbox 1201 2446 1360 2498; x_wconf 80' lang='lat' dir='ltr'>gratiam</span> 
     </span>
    </p>
   </div>
   <div class='ocr_carea' id='block_1_8' title="bbox 110 2498 1360 2597">
    <p class='ocr_par' dir='ltr' id='par_1_16' title="bbox 110 2498 1360 2597">
     <span class='ocr_line' id='line_1_43' title="bbox 110 2498 1360 2556; baseline 0.001 -19"><span class='ocrx_word' id='word_1_387' title='bbox 110 2499 159 2538; x_wconf 83' lang='lat' dir='ltr'>ab</span> <span class='ocrx_word' id='word_1_388' title='bbox 180 2499 319 2538; x_wconf 64' lang='lat' dir='ltr'>lectore</span> <span class='ocrx_word' id='word_1_389' title='bbox 341 2512 402 2538; x_wconf 85' lang='lat' dir='ltr'>me</span> <span class='ocrx_word' id='word_1_390' title='bbox 419 2500 603 2541; x_wconf 89' lang='lat' dir='ltr'>initurum</span> <span class='ocrx_word' id='word_1_391' title='bbox 623 2512 745 2556; x_wconf 84' lang='lat' dir='ltr'>puto,</span> <span class='ocrx_word' id='word_1_392' title='bbox 766 2501 795 2540; x_wconf 84' lang='lat' dir='ltr'>fi</span> <span class='ocrx_word' id='word_1_393' title='bbox 813 2500 997 2541; x_wconf 87' lang='lat' dir='ltr'>eiusmodi</span> <span class='ocrx_word' id='word_1_394' title='bbox 1017 2501 1124 2540; x_wconf 87' lang='lat' dir='ltr'>nimis</span> <span class='ocrx_word' id='word_1_395' title='bbox 1147 2500 1245 2540; x_wconf 78' lang='lat' dir='ltr'>levia</span> <span class='ocrx_word' id='word_1_396' title='bbox 1261 2498 1360 2552; x_wconf 80' lang='lat' dir='ltr'>post-</span> 
     </span>
     <span class='ocr_line' id='line_1_44' title="bbox 112 2551 552 2597; baseline 0.002 -2"><span class='ocrx_word' id='word_1_397' title='bbox 112 2552 205 2595; x_wconf 76' lang='lat' dir='ltr'>haec</span> <span class='ocrx_word' id='word_1_398' title='bbox 218 2551 395 2595; x_wconf 86' lang='lat' dir='ltr'>omisero.</span> <span class='ocrx_word' id='word_1_399' title='bbox 407 2553 552 2597; x_wconf 77' lang='lat' dir='ltr'>Rmz.</span> 
     </span>
    </p>
   </div>
  </div>
 </body>
</html>
