2015 3490
602 266 690 314 572
794 248 1671 300 ANNoTATIONEs

596 337 703 388 ἔχειν
719 335 876 377 invenio
897 337 997 390 apud
1014 336 1191 376 Parthen.
1213 335 1409 378 Nicaeens.
1429 337 1535 377 Erot.
1559 350 1591 377 c.
1607 350 1665 377 12.
1682 337 1759 377 Διέι
1778 334 1866 386 (avri-

595 405 672 440 μης
686 400 815 430 autem
829 390 947 441 φέρειν
963 391 1171 430 Herodian.
1185 391 1227 430 L.
1241 405 1275 431 2.
1288 404 1322 430 c.
1340 404 1360 428 2
1392 391 1408 440 §
1425 405 1484 443 19,
1494 391 1647 443 aliique.
1660 391 1806 430 Rnrrz.

653 444 746 497 Pag.
759 457 830 493 271
839 473 847 482 .
861 445 884 483 l.
902 444 1061 496 55¹0ku
1073 447 1117 483 τὸ
1130 444 1254 496 κέρὸος
1266 444 1362 494 &c.)
1379 443 1523 483 Versus
1536 444 1588 483 est
1604 445 1801 498 Euripidis,
1815 445 1861 484 ad

595 509 714 549 quem
727 497 819 536 olim
835 498 994 550 parodia
1008 497 1132 537 allusit
1144 498 1364 550 Antigonus
1374 496 1513 537 Cocles
1525 498 1602 543 ille,
1616 498 1707 536 dum
1721 499 1864 538 Deme-

596 550 674 589 trio
685 549 768 590 filio
778 549 934 590 suadere
945 551 1103 592 volebat
1112 582 1123 600 ,
1139 561 1182 591 ut
1194 551 1326 590 Philan
1339 551 1534 603 Antipatri
1548 551 1664 589 filiam
1678 551 1718 591 δι
1733 551 1868 591 Crate-

598 605 628 642 ri
641 604 795 643 viduam
808 605 881 644 iam
895 615 1019 644 aetate
1032 605 1266 658 aliquantum
1282 606 1507 658 proveelam
1520 605 1674 644 duceret
1686 617 1864 652 uxorem3

599 657 823 697 Demetrius
838 671 936 697 vero
948 658 1001 698 ob
1014 659 1321 712 inaequalitatem
1335 659 1467 698 aetatis
1484 670 1548 698 eas
1564 659 1717 710 nuptias
1735 657 1868 712 asper-

600 710 787 759 nabatur3
802 711 896 750 dixit
908 711 988 751 filio
1001 721 1108 764 pater
1121 712 1262 752 :“Ovrov
1276 715 1318 752 τὸ
1332 712 1474 765 κέρδος,
1487 714 1592 764 παρὰ
1607 710 1721 761 φύσιν
1734 725 1869 764 γαμη-

602 765 692 803 τέον.
704 763 839 804 Refert
849 765 1034 805 Plutarch.
1049 766 1087 804 in
1100 765 1317 806 Demetrio.
1328 766 1464 805 PALM.
1477 765 1608 818 Eurip.
1622 764 1764 805 Phoen.
1779 764 1869 818 398.

599 817 690 857 Vid.
703 818 893 858 Plutarch.
907 820 945 858 in
957 818 1131 859 Demetr.
1147 834 1183 873 p.
1196 819 1286 872 653.
1301 819 1458 859 SOLAN.

656 873 730 911 ead.
744 872 767 912 l.
778 886 814 922 7.
825 875 892 910 Τὸν
905 873 1077 925 παρόντα,
1089 888 1146 912 σοι
1159 874 1249 921 βίον)
1266 874 1402 926 Quippe
1410 873 1468 926 qui
1478 871 1716 924 nuncscrvias.
1727 873 1868 912 BROD.

658 928 732 964 ead.
747 927 769 964 l.
787 939 800 963 ι
812 939 827 964 1
836 957 844 965 .
855 925 896 965 ‘O
909 926 1209 979 Βελλεροφόντης)
1223 926 1362 966 Erasm.
1375 928 1414 965 in
1425 927 1533 979 adag.
1547 926 1816 979 Bellerophontis
1830 927 1871 964 li-

601 991 699 1018 terae.
723 980 861 1018 BROD.
874 980 976 1019 Vide
990 981 1134 1022 Zenob.
1155 981 1733 1034 paroemiographum.VORs·r.
1748 980 1869 1020 Hom.

601 1032 643 1071 11.
658 1037 683 1070 Z
695 1061 706 1077 ‚
726 1046 793 1085 155
815 1056 859 1064 —
875 1047 938 1087 99.
955 1034 1113 1073 SOLAN.

656 1088 729 1125 ead.
752 1088 776 1126 l.
800 1100 858 1140 13:
891 1084 1160 1139 Εὖπρὸσωπος)
1185 1088 1376 1140 Speciofitm
1393 1099 1605 1140 praetextum
1626 1089 1762 1126 liabens.
1780 1086 1871 1127 Vid.

603 1152 698 1179 mox
719 1140 856 1179 iterum
876 1140 977 1180 Dial.
1000 1141 1089 1181 hinc
1108 1142 1261 1182 tertium
1275 1171 1285 1190 ,
1303 1143 1602 1182 Hermotimum.
1619 1142 1666 1181 Et
1681 1142 1728 1181 ad
1742 1140 1873 1182 Galat.

604 1193 664 1232 VI
678 1223 689 1238 ‚
708 1207 753 1233 12
769 1224 780 1241 ‚
797 1194 938 1234 Elsner.
956 1195 1103 1234 Reitz.

658 1248 748 1300 Pag.
763 1262 850 1296 272.
865 1249 886 1286 l.
902 1263 934 1301 3.
950 1249 1019 1288 Καὶ
1036 1249 1079 1288 σὲ
1092 1251 1154 1288 τον
1169 1249 1335 1302 κολοιδν)
1350 1248 1488 1288 Erasm.
1507 1249 1544 1288 in
1560 1249 1778 1302 paroemia,
1788 1263 1874 1302 gra-

602 1301 702 1340 culus
718 1302 921 1354 Aesopicus.
934 1303 1074 1342 BROD.
1084 1303 1175 1342 vid.
1192 1302 1333 1355 Aesopi
1346 1302 1419 1342 fab.
1433 1302 1539 1342 Infra
1548 1304 1694 1356 Ἀποφρ.
1707 1316 1740 1343 c.
1757 1317 1773 1356 5
1792 1303 1872 1356 ple-

604 1367 652 1395 ne
666 1354 792 1394 effert:
809 1359 916 1395 κατὰ,
931 1361 992 1396 τον
1008 1357 1181 1396 Αἰσώπου
1196 1357 1346 1396 κολοιόν.
1363 1357 1520 1396 SOLAN.

657 1412 729 1448 ead.
745 1410 770 1448 l.
786 1424 820 1458 4.
828 1403 969 1459 Ὄμοιοί
981 1425 1024 1450 σε
1040 1410 1093 1460 τῷ
1107 1409 1302 1464 Σαλαίθῳ)
1317 1411 1359 1450 In
1376 1423 1493 1463 marg.
1505 1410 1605 1451 Cod.
1618 1410 1668 1450 R.
1683 1409 1873 1459 Ζαλεὺκῳ,

602 1461 798 1503 mendose:
809 1463 892 1503 sunt
901 1465 1001 1504 enim
1013 1465 1144 1504 variae
1156 1464 1347 1512 historiae3
1357 1463 1692 1516 patetconferenti.
1701 1464 1876 1504 BOURD.

601 1517 666 1557 De
683 1517 856 1557 Zaleuco
872 1517 1008 1557 similia
1028 1519 1311 1572 propemodum
1332 1530 1549 1565 narrantur,
1573 1518 1641 1558 nisi
1662 1518 1770 1570 quod
1791 1530 1874 1558 non

603 1571 680 1625 ipse
693 1573 899 1620 moechus,
915 1571 976 1611 sed
991 1570 1102 1612 filius.
1117 1574 1170 1612 V.
1186 1572 1597 1619 Ae1.Var.Hist.X111‚
1612 1587 1673 1621 24.
1685 1572 1844 1612 SOLAN.

661 1627 737 1664 ead.
754 1627 777 1664 I.
791 1625 827 1665 8.
841 1627 926 1678 Περὶ
947 1625 1089 1679 πόθοι)
1112 1626 1284 1666 Emendo
1295 1657 1306 1674 ,
1322 1625 1577 1679 παραιπόιῖως,
1597 1625 1792 1665 τουτέστιν
1809 1626 1877 1680 ἐγ-

605 1678 681 1732 ’γὺς
703 1679 768 1718 καὶ
787 1681 959 1720 πλησίον.
976 1681 1116 1719 BRon.
1135 1680 1180 1719 In
1204 1680 1403 1734 Apologia
1425 1693 1498 1734 pro
1519 1681 1582 1728 iis,
1605 1680 1673 1734 qui
1696 1680 1875 1720 Mercede

605 1733 786 1773 conduffl
801 1735 941 1772 vivunt
953 1764 962 1780 ‚
981 1734 1117 1774 auetor
1139 1735 1267 1787 primo
1283 1733 1407 1787 fingit,
1425 1734 1461 1774 se
1472 1765 1483 1782 ,
1498 1735 1567 1787 qui
1580 1734 1618 1773 in
1633 1734 1876 1788 praecedenti

605 1787 734 1826 libello
753 1798 830 1827 tam
850 1787 947 1827 bene
961 1787 1126 1827 sciviffet
1147 1800 1376 1828 enumerare
1389 1787 1556 1828 miserias
1576 1801 1734 1834 eorum,
1753 1788 1819 1840 qui
1838 1788 1878 1827 in

605 1841 871 1892 potentiorum
885 1842 1044 1881 aedibus
1063 1841 1241 1882 conduffi
1253 1843 1430 1882 viverent
1441 1872 1451 1889 ‚
1467 1842 1636 1895 graviter
1651 1842 1816 1885 accusari
1829 1842 1878 1881 ab

555 1927 558 1930 .
606 1895 750 1935 Sabino
765 1895 917 1948 aliquo,
941 1896 1048 1948 quod
1062 1895 1140 1949 ipse
1156 1895 1291 1936 volens
1314 1895 1507 1949 sciensque
1523 1908 1660 1936 contra
1679 1894 1744 1935 sua
1762 1895 1879 1948 ipfius

604 1960 810 2002 praecepta
827 1951 1046 1989 committat
1058 1979 1068 1997 ‚
1088 1948 1203 2003 quise
1216 1963 1375 2003 quoque
1388 1951 1427 1989 in
1439 1950 1599 1989 alienam
1618 1949 1798 1989 familiam
1812 1949 1880 1989 ali-

609 2003 724 2042 cuius
736 2002 925 2043 ministerii
941 2004 1096 2043 nomine
1109 2003 1313 2042 tradiderit.
1328 2004 1429 2044 [nter
1442 2003 1515 2043 alia
1532 2015 1657 2043 autem
1672 2002 1831 2056 fingitur
1849 2004 1891 2055 is¹

608 2057 773 2096 Sabinus
800 2057 857 2096 uti
880 2057 1060 2110 exemplo
1084 2057 1266 2105 Salaethi‚
1287 2058 1606 2097 Crotoniatarum
1629 2057 1881 2110 legislatoris,

607 2111 675 2164 qui
691 2111 756 2151 ubi
778 2110 1036 2163 graviffimam
1058 2112 1094 2150 in
1118 2112 1310 2151 adulteros
1333 2111 1454 2164 legem
1478 2110 1638 2157 tuliss'et,
1662 2110 1739 2162 ipse
1759 2111 1880 2163 paulo

608 2164 695 2218 post
707 2166 744 2203 in
761 2165 946 2204 adulterio
965 2164 1091 2204 fratris
1107 2166 1238 2205 uxoris
1253 2164 1510 2218 deprehensus
1530 2164 1656 2204 fuerit.
1669 2165 1755 2216 Περὶ
1769 2165 1880 2204 mssa

607 2219 741 2267 τοίνυν,
756 2219 879 2271 inquit
891 2218 1054 2258 Sabinus
1066 2232 1101 2272 p.
1118 2219 1205 2270 506,
1223 2221 1290 2257 nai
1304 2233 1348 2258 σε
1363 2222 1425 2258 τὶν
1445 2218 1629 2258 Σάλαιθον
1645 2217 1773 2257 ἐκεῖνον
1787 2219 1880 2268 φαίη

610 2273 667 2311 τὶς
683 2270 738 2311 ἄν.
752 2273 949 2312 Brodaeus
970 2271 1077 2312 Misc.
1098 2273 1174 2318 IX,
1192 2285 1224 2311 c.
1245 2287 1309 2320 14,
1327 2273 1416 2324 legit
1430 2266 1679 2324 mpmasm.
1703 2272 1773 2311 Sed
1795 2272 1881 2325 post

611 2338 700 2365 eum
715 2325 802 2365 satis
817 2326 920 2365 hunc
934 2327 1066 2366 locum
1082 2326 1249 2366 munivit
1260 2324 1303 2365 Is.
1319 2326 1570 2366 casaubonus
1587 2326 1633 2365 ad
1647 2325 1881 2378 Theophra-

610 2378 655 2418 sti
667 2379 843 2419 charact.
859 2394 891 2420 c.
908 2394 943 2432 5,
960 2380 1027 2420 ubi
1047 2381 1174 2426 docet,
1188 2380 1270 2431 περὶ
1282 2380 1390 2419 πόθοι
1401 2380 1575 2421 Graecos
1587 2378 1715 2418 dixiffe
1729 2382 1767 2417 de
1781 2381 1884 2419 onmi-

611 2435 690 2479 bus,
704 2449 788 2486 quae
801 2446 884 2487 apta
896 2434 1011 2486 effknt,
1027 2435 1061 2473 6²
1073 2436 1286 2473 convenirent
1294 2449 1310 2481 ,·
1331 2434 1396 2473 ubi
1408 2433 1448 2472 &
1461 2435 1562 2473 hunc
1574 2434 1736 2473 eundem
1749 2433 1880 2474 locum

613 2485 737 2526 affert.
753 2487 946 2541 Interpres
967 2487 1195 2528 Benedictus
1214 2488 1333 2526 reddit
1346 2518 1356 2535 ‚
1378 2490 1493 2538 Quare
1509 2503 1575 2526 non
1597 2488 1703 2537 inepte
1717 2487 1883 2540 quispiam

617 2553 647 2580 te
662 2541 861 2582 Salaetlzum
875 2543 968 2586 illum
982 2541 1044 2596 effe
1058 2544 1176 2582 diceret
1183 2557 1200 2591 ,-
1217 2540 1285 2581 nisi
1299 2541 1408 2582 malis
1422 2543 1533 2592 dicat,
1552 2541 1616 2582 vel
1628 2541 1762 2581 dixerit.
1776 2541 1885 2583 IENS.
