2015 3490
301 229 385 274 IN
417 227 1110 278 NECYOMANTIAM.
1247 249 1330 297 341

0 342 2 367 g
75 314 207 363 affert,
223 316 264 356 in
274 317 332 356 ed.
347 318 376 356 I.
393 318 631 358 invenimus:
655 317 916 359 Salmurienfis
939 320 1062 360 editor
1087 319 1199 360 etiam
1223 322 1341 362 admi-

0 377 2 401 ÷
26 405 30 408 .
73 370 132 410 sit.
157 369 198 409 In
227 370 298 410 hac
322 383 423 410 voce
444 371 665 424 frequenter
687 384 866 412 erratum.
894 373 1049 413 SOLAN.
1076 373 1236 423 Ἀσοιφὲς
1266 389 1341 428 pro

71 424 241 472 ἀσφαλὲς
252 423 454 476 legendum
465 424 552 473 effe,
565 427 714 465 monuit
727 426 773 466 ad
790 426 1007 466 Arnobium
1021 427 1111 467 Des.
1129 429 1282 468 Herald.
1301 445 1340 483 p.

71 491 136 530 43.
155 476 345 526 ’Λα-φαλὲκ
367 479 408 518 &
431 479 580 527 ἀσαφὴς
600 479 714 532 culpa
735 479 979 520 librariorum
1004 480 1152 534 saepius
1171 477 1339 524 invicem

97 542 347 570 ermutantur.
364 532 426 572 Sic
445 532 817 584 apudThucyd.IV‚
831 532 1000 580 8202}st
1019 534 1153 582 ἀσαφῆ
1165 538 1228 577 τὴν
1240 535 1340 577 ἕλευ-

69 544 199 637 ῗερίοιν,
215 586 325 636 quod·
335 598 409 638 ego
423 586 589 638 probum
605 586 778 626 existimo
788 617 803 632 ‚
816 587 854 625 in
871 597 1041 639 utroque
1050 589 1249 630 vocabulo
1261 591 1337 631 flu·

69 636 201 677 &nant
215 638 404 686 Codices;
431 652 556 692 neque
570 653 753 692 nuperam
764 639 838 680 effe
847 642 1107 681 variationem
1122 654 1205 682 eam
1219 675 1230 689 ,
1251 643 1337 685 satis

68 703 117 731 ex
138 691 348 732 Scholiaste
375 692 506 745 liquet.
535 695 636 734 Hinc
660 694 737 747 peti
762 694 899 734 debere
923 695 1149 735 medicinam
1171 697 1337 738 arbitror

67 745 343 798 Athenagorae
359 746 450 786 loco
464 746 545 799 περὶ
560 747 632 787 Ἀν.
647 747 720 787 τῶν
735 752 774 786 N.
786 761 824 800 p.
845 761 932 798 147,
952 748 1039 796 148,
1052 749 1162 788 cuius
1176 750 1337 790 haeren—

67 809 146 838 tem
164 799 474 853 implicatamque
491 799 712 841 sententiam
733 802 844 841 nullis
858 803 1071 842 verborum
1084 802 1252 843 artificiis
1265 817 1336 844 ex-

67 853 224 905 pediunt
239 854 479 906 interpretes:
508 854 670 908 ΕὕΛο-γός
686 855 767 895 ἐστι
785 856 905 895 πᾶσω
925 856 1090 896 ἀπιστίαι
1102 856 1156 907 μὴ
1171 859 1335 909 προχεί-

64 920 132 959 ρως
144 907 208 945 καὶ
223 908 328 946 κατά
343 921 428 947 τινα,
449 907 565 959 δόξαν
579 908 724 961 ἄκριτον
736 909 978 962 ἐγγινομένη,
995 910 1106 949 ἀλλὰ,
1119 914 1224 959 μετὰ
1236 925 1333 953 τινος·

65 959 192 1000 αἰτίας
207 959 383 1013 ἰσχυραῖς,
400 960 474 1010 κᾲκ
486 960 553 1001 τῆς
565 964 668 1000 κατὰ.
681 962 747 1002 τὴν
757 960 931 1003 ἀλήθειαν
945 964 1147 1009 ἀσαφείας·
1171 963 1330 1005 illumin

65 1013 224 1053 modum
239 1014 266 1053 si
278 1015 482 1054 commode
491 1013 615 1062 scribi,
633 1015 674 1054 δι
683 1016 861 1069 primam,
873 1029 972 1069 quae
985 1016 1146 1056 deficere
1164 1018 1332 1067 videtur,

62 1079 206 1106 vocem
226 1068 382 1120 adiungi
407 1069 598 1108 concedas
609 1099 620 1116 ,
642 1069 745 1109 nulla
771 1069 924 1109 restabit
951 1070 1113 1122 amplius
1136 1071 1174 1110 in
1198 1073 1329 1112 verbis

63 1120 207 1174 alioqui
227 1121 464 1175 perobscuris
486 1122 702 1162 difficultas.
730 1122 910 1163 Similiter
930 1124 1069 1172 ἀφελὴς
1089 1124 1130 1163 &
1154 1125 1330 1174 ἀσφαλὴς·

62 1172 173 1227 saepe
191 1175 351 1214 alterum
365 1175 522 1216 alterius
540 1177 663 1216 sedem
680 1176 841 1224 invasit,
861 1188 903 1217 ut
921 1178 1062 1231 patebit
1075 1178 1126 1217 ad
1149 1179 1270 1225 Ἀναβ.
1287 1193 1324 1220 ε.

67 1240 126 1268 12.
148 1229 311 1267 HEMST.

118 1283 208 1335 Pag.
221 1296 278 1322 10.
290 1284 312 1320 l.
327 1298 361 1323 2.
370 1283 539 1334 'Eoroevzsvet
552 1283 692 1336 πάλιν)
701 1283 782 1323 Vix
794 1284 946 1332 dubito,
961 1283 1055 1337 quin
1065 1285 1172 1324 litera
1187 1285 1233 1324 fit
1242 1299 1323 1325 era-

59 1333 119 1380 sa,
143 1334 403 1390 scriptumque
417 1337 534 1376 fuerit
546 1338 592 1376 ab
611 1338 772 1377 auclore
783 1336 968 1388 ἐπανῄειν·
992 1351 1061 1378 cur
1073 1340 1174 1378 enim
1190 1340 1264 1380 boc
1277 1341 1324 1380 de

59 1389 372 1430 Mithrobarzane
380 1390 476 1440 solo,
485 1403 565 1430 non
579 1393 623 1430 de
633 1392 836 1443 Menippo,
848 1392 958 1431 cuius
972 1391 1012 1430 in
1025 1393 1186 1444 gratiam
1199 1395 1324 1434 omnis

59 1442 122 1483 hic
134 1454 335 1496 apparatus
351 1445 522 1497 magicus
537 1444 661 1484 fuerat
675 1444 880 1493 institutus,
901 1445 1031 1497 potius
1043 1446 1201 1494 dicatur,
1220 1448 1324 1488 nulla

56 1497 160 1537 reddi
176 1498 297 1551 potest
315 1498 427 1538 causa
446 1499 671 1549 probabilis:
694 1499 908 1551 pertinebat
924 1499 1025 1538 enim
1038 1500 1082 1537 ad
1098 1498 1191 1539 sacri
1205 1502 1324 1540 ratio-

57 1562 161 1599 nem,
177 1563 221 1590 ut
232 1565 319 1592 cum
337 1565 468 1604 magus
481 1551 627 1592 fascino
640 1553 864 1604 depellendo
878 1562 935 1591 ter
950 1553 1170 1605 inMenippi
1186 1552 1322 1594 faciem

57 1603 270 1657 exspuiffet,
281 1605 357 1659 ipse
372 1604 527 1645 demiffo
541 1606 668 1652 vultu,
681 1606 873 1645 neminem
887 1607 1050 1645 obvium
1063 1607 1228 1652 intuens,
1251 1609 1323 1647 do-

57 1671 164 1698 mum
179 1660 336 1700 rediret:
364 1673 459 1699 mox
472 1660 608 1706 etiam,
629 1658 827 1710 ἐποινέιγει
848 1658 899 1699 εἰς
913 1659 979 1700 τὴν
997 1659 1127 1708 οἰκίαν,
1146 1656 1193 1699 ὦς
1213 1656 1322 1714 εἶχον

55 1712 346 1765 ἀναποδίζοντα.
357 1713 500 1754 Ortum
513 1714 560 1752 ab
572 1714 752 1765 imperito
761 1713 904 1752 lectore
915 1713 980 1753 vel
992 1713 1152 1753 librario
1165 1715 1321 1762 vitium,

55 1767 123 1818 qui
137 1768 182 1805 ad
198 1768 426 1820 praecedens
437 1767 691 1814 ἀποπτύσας,
705 1767 812 1819 quod
830 1765 1004 1806 absolute
1022 1768 1115 1820 poni
1136 1781 1209 1819 pro
1220 1769 1319 1807 ἀπο-

55 1820 287 1867 πτύσαιντος,
301 1821 365 1860 vel
385 1820 517 1861 {orsisii
532 1821 752 1869 ἀπέπτυσε,
765 1833 843 1860 non
860 1820 1117 1875 perspexerat,
1131 1821 1320 1874 sequentis

53 1874 162 1913 verbi
177 1874 375 1926 personam
392 1875 721 1916 accommodavit:
737 1874 782 1914 de
793 1876 876 1927 pari
888 1875 1022 1914 menda
1035 1876 1253 1915 monuimus
1268 1876 1317 1917 ad

54 1926 146 1967 Vol.
159 1928 218 1975 11,
235 1943 319 1982 pag.
338 1929 440 1974 60,1.
462 1943 519 1975 ¹4·
533 1928 714 1969 Poterant
726 1937 854 1968 autem
869 1929 962 1967 ritus
975 1928 1067 1967 sacri
1079 1929 1211 1980 magici
1228 1943 1317 1982 pur-

53 1981 299 2035 gationesque
310 1983 538 2035 multiplices
550 1983 842 2035 comparatione
852 1981 1026 2021 fimilium
1038 1983 1216 2022 locorum
1231 1984 1315 2023 illu-

54 2034 180 2075 strari:
198 2035 260 2076 sed
273 2037 584 2090 quandoquidem
600 2037 641 2075 in
653 2036 750 2076 hanc
767 2035 916 2075 causam
931 2034 1152 2075 descendere
1167 2049 1246 2075 non
1260 2037 1315 2076 est

52 2091 318 2137 commodum,
334 2091 362 2130 fi
372 2091 456 2144 quis
465 2102 592 2130 tamen
603 2089 668 2129 ista
683 2088 878 2135 desideret,
888 2089 995 2129 adeat
1003 2089 1314 2137 Si1.‹1talic.X1H‚

51 2156 153 2196 405,
168 2145 210 2184 &
221 2156 405 2184 annotata
415 2145 589 2184 virorum
603 2144 843 2184 eruditorum
857 2144 901 2183 ad
913 2144 1063 2182 Arnob.
1079 2143 1117 2191 Ι,
1137 2158 1174 2196 p.
1192 2159 1212 2183 2
1223 2158 1255 2193 5,
1272 2145 1312 2183 in

51 2199 190 2249 quibus
214 2199 383 2251 Menippi
403 2199 584 2238 Lucianei
608 2198 753 2237 mentio
774 2210 852 2236 non
873 2197 931 2237 est
946 2195 1092 2236 omiffa.
1113 2197 1312 2249 singulare

8 2280 9 2283 η
51 2264 171 2299 vero,
192 2252 375 2305 quodque
389 2252 475 2291 alibi
490 2264 632 2291 temere
655 2264 736 2290 non
755 2251 948 2297 invenias,
968 2249 1155 2304 Choaspis
1167 2264 1309 2304 aquam

50 2305 188 2345 eximie
203 2307 356 2359 magicis
371 2305 575 2358 praestigiis
589 2306 768 2345 adhiberi:
794 2306 829 2344 id
847 2316 1051 2358 propterea
1065 2304 1205 2345 factum
1227 2319 1309 2345 cre-

50 2358 86 2397 di
97 2372 166 2412 par
175 2359 229 2399 est
237 2391 249 2409 ,
266 2360 372 2413 quod
390 2358 662 2412 limpidiffimae
675 2359 841 2398 levitatis
851 2360 979 2411 liquor
988 2358 1186 2398 dulcedine
1197 2358 1311 2399 fimul

51 2412 271 2461 excelleret3
282 2414 334 2453 ob
347 2427 441 2466 quas
454 2414 563 2453 dotes
575 2414 624 2453 ita
635 2412 829 2452 Persarum
841 2413 992 2464 regibus
1004 2411 1160 2465 placuit,
1172 2424 1217 2452 ut
1231 2414 1309 2453 alio

52 2465 131 2507 fere
144 2477 238 2518 potu
253 2480 455 2522 nunquam
471 2478 688 2509 uterentur:
709 2467 796 2510 vide
805 2466 970 2509 Briffon.
985 2468 1031 2507 de
1041 2466 1089 2506 R.
1102 2465 1142 2507 Ρ.
1154 2466 1186 2516 1,
1198 2481 1236 2522 p.
1248 2479 1311 2521 59.

13 2569 17 2571 ,
50 2520 217 2563 Hemsr.

11 2583 15 2590 ,
983 2575 1020 2617 Y
1051 2589 1070 2626 3
