2015 3490
686 233 776 298 3&
873 222 1749 284 ANNOTATIONES

680 323 788 360 ἀλλὰ
803 322 847 361 τὸ
865 319 1051 373 πορθμεῖον
1066 317 1162 360 adfrt>
1179 320 1300 373 ἀξιοῖς
1311 322 1495 376 ’γενέσθαι
1509 324 1576 364 τὶν
1595 324 1677 377 περ)
1694 324 1767 365 τῶν
1780 326 1952 369 τοιούτων

680 377 808 427 κρίσιν,
821 377 886 427 fid
895 377 1049 429 cymbam
1062 375 1169 427 ipfizm
1182 376 1302 414 harum
1313 392 1419 415 rerum
1431 377 1557 417 iudicio
1570 379 1706 430 dignam
1717 381 1822 431 censes
1832 395 1844 419 .·
1857 394 1947 420 cum

682 428 728 468 fit
742 460 751 476 ,
759 430 822 480 sed
839 431 995 481 cymbam
1009 429 1118 480 ipfizm
1141 430 1310 482 exzflimas
1329 429 1391 482 ff
1402 460 1414 479 ‚
1431 431 1488 469 ubi
1508 433 1547 470 de
1560 433 1687 471 talibus
1701 432 1859 472 iudicium
1867 433 1947 486 fieri

680 483 800 535 necff·
807 485 866 535 fit.
885 483 1055 522 GRAEV.

738 541 809 574 ead.
826 538 847 574 l.
861 549 898 585 7.
912 538 1053 574 Μιο-δον
1065 534 1137 574 τῶν
1155 534 1358 589 χρησμῶν)
1371 536 1522 575 Notum
1537 536 1590 576 est
1604 537 1802 578 oraculum
1814 569 1827 586 ,
1840 539 1948 593 quod

680 589 820 628 iterum
834 590 953 640 tangit
969 593 1006 627 Z.
1018 589 1088 626 Ἑλ.
1103 601 1136 628 c.
1155 602 1200 637 ¹4
1212 589 1251 628 δι
1270 602 1334 635 20,
1356 589 1420 628 ubi
1432 591 1518 629 vide
1537 590 1679 640 Notas,
1692 591 1733 630 δι
1745 605 1852 644 c.43.
1869 593 1946 632 La-

679 643 758 682 tine
774 643 875 695 apud
891 642 1116 682 Ciceronem
1132 641 1183 681 fic
1204 640 1340 682 exstat:
1364 643 1501 694 Croesus
1521 644 1653 696 Halyn
1668 657 1850 698 penetrans
1868 662 1944 686 ma-

677 710 781 749 gnam
790 708 950 748 pervertet
964 710 1063 747 opum
1074 697 1154 734 vim.
1169 694 1327 734 SOLAN.

743 753 815 788 ead.
831 750 853 789 l.
873 762 886 787 1
899 748 1168 801 ι.“’Ύπωχρον)
1190 747 1291 787 Infra
1311 759 1432 788 vocat
1452 747 1576 802 ὧχρὶν
1598 750 1663 789 καὶ
1682 749 1776 802 βαρὺ
1795 750 1941 803 κτῐῗμοο.

679 802 865 843 Colorem
881 802 1002 849 hunc,
1017 803 1082 853 qui
1098 802 1173 840 iam
1190 814 1270 840 non
1285 801 1393 853 plane
1408 802 1567 854 pallidus
1577 833 1589 851 ‚
1604 803 1665 842 sed
1677 804 1802 844 luteus
1821 805 1862 844 δι
1875 805 1945 845 fla-

678 856 838 895 vescens
852 855 1007 907 intelligi
1029 855 1272 901 debet,auro
1294 855 1434 895 Graeci
1455 856 1647 896 tribuunt:
1661 856 1769 897 Bafil.
1790 857 1944 901 Caesar.
1967 894 1974 902 .

679 910 729 949 T.
746 909 781 948 ΙΙ
792 940 802 957 ,
817 924 852 961 p.
867 911 916 949 66
930 909 972 948 B.
987 907 1181 961 ὦχρότεροι
1196 908 1313 960 τοῖχοι
1324 907 1392 947 τοῦ
1406 907 1558 960 χρυσοῦ
1568 907 1795 962 ’γενήσονται
1813 911 1843 951 οἱ
1861 911 1947 952 τοῦ-

680 977 743 1002 τον
758 962 977 1013 σωρεύοντες,
993 961 1111 1013 Quos
1125 961 1281 1014 Sappho
1292 973 1427 1002 ornate
1448 962 1593 1002 dixerat
1603 964 1802 1015 χρυσείους
1813 964 1944 1016 ἐρεβίν-

680 1022 768 1057 θους
782 1017 818 1054 in
835 1016 932 1069 Epit.
947 1016 1086 1054 Athen.
1106 1014 1141 1053 II
1153 1045 1165 1061 ,
1182 1029 1218 1067 p.
1236 1028 1282 1065 54
1297 1014 1339 1054 F.
1352 1026 1503 1055 veteres
1514 1017 1765 1069 explanarunt
1777 1017 1942 1057 τοὺςκοι-

677 1073 732 1108 τὰ
746 1068 863 1120 πύξον
884 1068 1040 1120 ὠχροὺς,
1055 1067 1146 1107 teste
1164 1067 1329 1107 Eustath.
1345 1069 1389 1108 ad
1407 1069 1447 1108 11.
1469 1074 1514 1114 N,
1529 1082 1564 1122 p.
1580 1069 1656 1122 948
1669 1099 1682 1116 ,
1697 1084 1737 1109 v.
1755 1085 1817 1122 45.
1837 1071 1943 1111 Eun—

679 1123 764 1163 dem
786 1123 896 1162 habet
911 1122 1020 1161 usum
1039 1125 1200 1174 χλωρὸς,
1212 1121 1263 1160 sic
1275 1132 1319 1160 ut
1333 1122 1381 1161 ab
1395 1121 1520 1174 ὦχρος
1536 1122 1644 1176 saepe
1657 1124 1858 1164 minimum
1872 1125 1943 1165 dis-

677 1188 829 1229 crepet3
844 1176 949 1229 quod
961 1174 1204 1215 ostenderunt
1219 1174 1325 1215 Foes.
1338 1175 1492 1216 Oecon.
1505 1177 1618 1229 Hipp.
1639 1177 1679 1216 δι
1692 1176 1883 1218 Graevius
1895 1179 1942 1219 ad

680 1229 835 1269 Hefiod.
850 1231 959 1269 Ἀο-π,
972 1243 1008 1268 ν.
1025 1242 1095 1281 23¹
1110 1242 1122 1276 3
1135 1241 1250 1282 quam
1269 1229 1323 1268 ob
1338 1242 1418 1268 rem
1436 1230 1519 1282 pari
1531 1230 1615 1269 iure
1627 1243 1725 1270 auro
1743 1233 1942 1273 convenit.

678 1283 916 1322 Artemidor.
929 1282 966 1330 Ι,
982 1295 1064 1336 cap.
1076 1296 1127 1333 79
1138 1312 1148 1329 ,
1162 1295 1198 1335 p.
1219 1283 1286 1332 67,
1299 1285 1450 1336 χλωρὸς
1461 1283 1569 1335 yae&
1585 1286 1728 1336 χρυσὸς
1741 1285 1805 1322 καὶ
1818 1285 1942 1338 βαρύς.

676 1337 767 1377 scite
780 1336 977 1389 Diogenes
994 1346 1170 1389 rogatus,
1186 1335 1257 1374 sn&
1273 1339 1312 1375 τί
1326 1338 1369 1374 τὸ
1390 1336 1540 1390 χρυσίον
1553 1337 1698 1390 χλωρόν
1719 1338 1832 1386 ἐστιν,
1848 1337 1942 1390 ἔφη,

670 1391 760 1429 ’Ότι
776 1389 938 1430 πολλοὺς
953 1388 1036 1443 ἔχει
1056 1388 1143 1428 τοὺς
1156 1389 1475 1436 ἐπιβουλεύοντας,
1498 1391 1598 1443 apud
1618 1390 1785 1444 Diogen.
1804 1392 1915 1432 L.VI
1929 1421 1944 1438 .

636 1484 639 1487 ,
682 1457 744 1497 51,
757 1443 862 1496 quafi
879 1444 1055 1496 pallidum
1069 1442 1169 1482 foret
1183 1456 1205 1481 a
1223 1444 1384 1492 timore3
1398 1445 1542 1497 quippe
1554 1455 1693 1484 notum
1705 1444 1759 1485 est
1777 1446 1941 1486 Homeri

676 1501 822 1552 χλωρὸν
833 1496 924 1536 seor.
935 1497 1096 1536 Dietum
1109 1508 1236 1536 autem
1250 1495 1503 1549 sapientiffimi
1515 1498 1617 1537 canis
1629 1498 1666 1536 in
1679 1498 1827 1538 iambos
1836 1499 1943 1540 rede-

679 1553 734 1605 git
753 1551 880 1591 nescio
902 1553 988 1604 quis
1007 1550 1282 1590 Comicorum:
1299 1551 1342 1589 Τι’
1353 1552 1442 1590 ποτ’
1463 1551 1544 1590 ἐστὶ
1565 1554 1726 1604 χλωρὶν,
1740 1552 1942 1603 ἀντιβολῶ,

679 1608 722 1643 τὶ)
742 1606 900 1656 χρυσίον
911 1620 923 1652 3
944 1603 1091 1643 Aisom’
1109 1604 1426 1655 ἐπιβουλευόμενον
1445 1604 1517 1645 ὑπὸ
1533 1608 1681 1644 πάντων
1702 1606 1773 1645 ἀεί·
1793 1605 1940 1646 exstant

678 1659 719 1697 in
736 1658 981 1711 Aristophan.
992 1657 1117 1697 Schol.
1134 1658 1179 1697 arl
1190 1657 1242 1696 Pl.
1258 1672 1297 1698 v.
1316 1670 1404 1706 204.
1417 1657 1560 1698 Latinis
1574 1659 1699 1698 itidem
1711 1675 1830 1699 aurum
1836 1661 1937 1712 palli-

677 1716 780 1752 dum:
797 1724 933 1751 notum
953 1711 1005 1750 est
1027 1711 1118 1750 illud
1139 1709 1245 1750 Statii
1266 1711 1323 1750 IV
1345 1711 1440 1751 silv.
1453 1711 1551 1758 VII,
1576 1726 1637 1764 15,
1656 1713 1818 1752 Pallidus
1828 1713 1940 1766 sbffin·

678 1767 775 1812 redit,
788 1778 942 1818 erutoque
959 1765 1120 1804 Concolor
1129 1780 1225 1804 auro.
1237 1764 1282 1804 In
1293 1764 1454 1805 Paulino
1467 1764 1585 1818 Episc.
1597 1765 1686 1806 Nol.
1697 1767 1745 1805 ad
1757 1767 1792 1806 N
1795 1767 1878 1807 icet.
1892 1779 1934 1807 v.

679 1820 754 1871 269
768 1820 969 1871 legendum
979 1848 989 1866 ‚
1006 1818 1163 1858 Pallidos
1177 1819 1254 1858 auri
1266 1819 1395 1871 legulos
1409 1820 1444 1858 in
1458 1833 1580 1858 aurum
1597 1822 1700 1859 vertis
1713 1842 1758 1850 —
1772 1834 1845 1875 pro
1861 1822 1938 1861 cal-

676 1873 775 1912 lidos.
797 1873 961 1912 HEMST.

733 1929 805 1965 ead.
820 1927 842 1965 I.
862 1941 876 1965 1
889 1939 919 1978 3.
930 1925 1110 1976 Ἀοίὸιμον
1122 1925 1239 1977 ’ὄνομα
1254 1925 1318 1966 κει)
1332 1926 1621 1980 περιμάχητον)
1634 1927 1860 1981 Importuna
1881 1928 1939 1970 his

675 1980 869 2020 subiicitur
890 1992 982 2020 nota
998 1979 1256 2026 Bourdelotii‚
1277 1993 1375 2033 quae
1391 1980 1502 2031 plane
1520 1981 1607 2020 hinc
1630 1981 1786 2034 relegari
1805 1982 1939 2032 debet,

678 2047 770 2074 cum
782 2033 872 2072 nihil
884 2036 926 2072 τ“ο
946 2032 1157 2084 περιμάξαι
1173 2033 1213 2072 &
1231 2033 1468 2086 περικαθᾶραι
1480 2034 1525 2073 ad
1538 2047 1676 2074 vocem
1694 2035 1871 2076 Luciani:
1886 2049 1937 2076 ne

676 2089 797 2127 dicam
809 2087 965 2127 futiliter
975 2087 1082 2127 citari
1093 2086 1361 2127 casaubonum
1374 2088 1420 2126 ad
1436 2088 1724 2140 Theophilablum,
1739 2102 1809 2142 pro
1826 2092 1858 2128 T
1856 2090 1936 2128 heo-

669 2143 818 2194 phrasto.
833 2141 977 2181 GRON.
993 2141 1050 2180 Ex
1068 2143 1186 2194 poeta
1197 2141 1332 2193 aliquo
1343 2171 1355 2189 ,
1369 2140 1530 2180 Pindaro
1550 2141 1677 2181 forsan
1689 2171 1702 2188 ‚
1717 2142 1855 2182 habere
1872 2144 1934 2183 vi-

674 2197 796 2235 detur.
811 2195 861 2234 Ni
875 2196 911 2234 id
924 2195 992 2243 fit,
1006 2195 1121 2234 credo
1133 2206 1200 2234 aut
1218 2193 1387 2247 πρᾶγμα
1402 2193 1627 2248 scripturum
1649 2194 1755 2235 fuiffe
1773 2209 1844 2249 pro
1855 2196 1934 2236 ’όνο-

674 2264 735 2300 μαι
747 2279 759 2295 ,
773 2259 839 2288 aut
850 2262 922 2302 pro
935 2247 1104 2298 ἀοίδιμον
1116 2247 1318 2298 πάντιμον,
1331 2259 1374 2288 ut
1387 2248 1479 2288 Ῥητ.
1494 2261 1527 2288 c.
1543 2263 1574 2288 1.
1592 2249 1707 2289 Certe
1721 2248 1776 2288 Fl.
1791 2250 1934 2299 ἔντιμον

673 2303 867 2343 hic-habet.
880 2303 1036 2342 SOLAN.
1049 2302 1086 2342 Si
1095 2302 1184 2355 quid
1196 2302 1356 2341 omnino
1367 2303 1592 2341 mutandum
1600 2301 1714 2349 foret,
1727 2316 1799 2356 pro
1808 2300 1933 2357 πρᾶγ-

669 2371 730 2407 μοι
741 2356 948 2396 maluiffem
963 2355 1107 2408 χρῶμα.
1116 2385 1130 2402 ,
1144 2355 1207 2394 vel
1219 2354 1362 2406 κτῆμα·
1380 2354 1440 2395 sed
1454 2355 1548 2395 sarta
1560 2358 1658 2397 reeta
1671 2368 1819 2396 maneat
1831 2358 1932 2410 opti-

673 2423 737 2449 ma
752 2409 875 2449 leetio.
888 2410 1068 2460 Ἀοίὸιμον
1080 2420 1207 2449 autern
1220 2422 1269 2448 eo
1281 2410 1404 2449 minus
1416 2409 1468 2448 est
1478 2409 1763 2455 sollicitandum,
1776 2411 1880 2463 quod
1892 2411 1933 2451 in

670 2464 702 2503 F
703 2463 726 2502 1.
741 2476 897 2516 quoque
910 2462 1114 2517 planiffime
1127 2463 1362 2516 reperiatur:
1379 2463 1477 2502 alius
1491 2462 1543 2502 est
1555 2463 1651 2510 loci,
1664 2475 1706 2503 ut
1719 2476 1812 2502 mox
1822 2464 1932 2504 vide·

670 2518 814 2566 bimus,
825 2517 914 2558 illud
926 2516 1082 2569 ἔντιμον,
1093 2517 1133 2558 &
1144 2516 1221 2558 huc
1230 2529 1298 2571 per
1307 2516 1462 2572 culpam
1474 2517 1634 2558 errantis
1643 2517 1746 2559 oculi
1753 2517 1930 2560 relatum.

2005 2224 2015 2247 a
2006 1845 2015 2193 x—nawiP-a--n
2011 1791 2015 1816 .-
2011 1737 2015 1762 .-

2002 2300 2015 2462 z-ffff*
