2015 3490
671 227 764 290 436
871 221 1743 274 ANNoTA‘rroNES

671 310 744 349 cile
757 307 870 348 fuerit
882 308 967 348 illos
986 309 1211 355 conciliare,
1227 308 1255 348 fi
1276 309 1377 362 apud
1398 308 1660 363 Porphyrium
1680 313 1805 364 legas,
1828 313 1937 355 litera

671 375 751 401 una
766 364 969 401 immutata
978 392 992 408 ‚
1003 362 1132 414 γόνου.
1149 362 1219 402 Sed
1231 363 1341 413 φόνου
1356 362 1510 404 suadere
1523 365 1674 405 videtur
1691 365 1792 417 αἷμα
1805 367 1940 407 Lucia-

672 416 725 455 ni.
738 414 886 454 Rursus
899 413 1041 465 αἵματι
1053 416 1129 454 hoc
1140 416 1331 463 obiicitur,
1345 417 1452 468 quod
1463 417 1624 457 odorem
1637 419 1707 458 vix
1717 420 1843 466 habet,
1858 433 1939 460 cer—

672 480 709 508 te
723 470 788 507 vix
801 468 1083 507 discernendum
1096 469 1143 508 ab
1154 469 1317 508 aliorum
1330 468 1509 521 sanguine
1521 472 1756 512 animalium:
1772 485 1856 512 tum
1871 473 1940 523 φό-

671 537 727 563 νος
750 535 818 561 cur
840 522 899 561 hic
920 535 992 574 pro
1015 521 1194 574 sanguine
1216 533 1401 575 ponatur,
1423 525 1492 563 vix
1515 524 1736 577 intelligitur
1755 538 1764 565 :
1787 526 1938 567 aliudne

671 575 752 614 olet
764 588 863 614 vena
885 574 1034 627 pertusa
1050 575 1221 623 emulus,
1235 576 1299 616 vel
1313 577 1358 614 de
1378 577 1530 616 naribus
1550 578 1746 630 prosiliens
1767 578 1938 632 sanguis,

671 642 791 681 quam
813 641 929 668 cruor
947 641 968 667 a
983 628 1122 668 caede?
1135 627 1260 668 semen
1277 629 1488 668 humanum
1504 630 1607 669 olere
1618 662 1629 679 ‚
1645 632 1706 671 illa
1720 643 1822 672 certe
1836 634 1940 686 apud

671 682 915 722 Athenaeum
933 682 1176 721 meretricula
1191 683 1349 734 putabat
1361 712 1371 727 ,
1389 684 1452 721 cui
1468 682 1709 724 Ptolemaeus
1723 716 1734 734 ‚
1755 701 1798 724 ex
1814 687 1940 726 balano

670 735 735 775 seu
751 735 884 787 glande
899 735 988 788 regia
1004 735 1080 787 ff,
1093 734 1402 788 respondit.Tum
1417 736 1462 775 de
1477 736 1573 776 fabis
1586 737 1854 778 samosatensis
1868 739 1939 780 So·
1982 770 1985 783 ,

702 789 795 828 hista
806 789 924 828 modo
940 789 1082 828 dixerat
1092 819 1103 837 ‚
1117 792 1159 827 ‘rb
1180 790 1258 829 πᾶν
1274 785 1362 841 γονή
1376 789 1461 828 εἰσι.
1481 789 1593 842 Quid
1605 791 1744 844 igitur?
1757 790 1863 846 γόνον
1877 793 1940 832 da-
1983 785 1985 798 ³

672 803 797 882 {imus
812 842 1055 894 Porphyrio‚
1083 843 1236 895 σπέρμα
1251 842 1423 882 Luciano
1447 842 1529 882 ἀντὶ
1550 842 1618 883 τοῦ
1638 841 1758 895 affirm
1773 858 1819 884 an
1835 842 1938 898 οιῗᾷιοι

673 897 769 950 poni
784 908 855 949 pro
869 896 1043 948 genitura
1058 896 1246 936 dicemus?
1259 896 1432 948 inprimis
1444 908 1533 934 cum
1546 897 1782 950 consanguinei
1794 899 1835 938 δι
1843 899 1938 950 san-

668 951 748 1003 guis
760 965 850 988 meus
862 962 934 1002 pro
948 948 1050 995 filio,
1066 949 1108 988 &
1122 947 1256 988 similia
1269 949 1378 1001 plura
1395 949 1433 987 in
1447 949 1515 989 usu
1538 950 1628 991 sint:
1647 963 1696 989 an
1710 951 1873 1005 denique
1892 954 1940 993 de

672 1003 744 1042 alia
759 1016 861 1042 nunc
874 1015 915 1041 rc
927 1002 1097 1042 Luciano
1110 1000 1322 1043 sermonem
1335 1002 1408 1042 effe
1424 1003 1595 1043 dicemus
1605 1032 1617 1050 ,
1633 1004 1678 1043 de
1692 1005 1762 1043 alia
1775 1004 1939 1058 Origeni

676 1055 973 1110 &Porphyrio?
990 1055 1204 1109 praesertim
1218 1068 1306 1095 cum
1322 1056 1374 1094 illi
1387 1056 1424 1094 in
1436 1055 1515 1096 sole
1525 1069 1672 1110 ponant
1683 1056 1807 1097 fabam
1821 1059 1943 1098 denti·
1981 1062 1983 1068 '

672 1110 746 1150 bus
765 1110 969 1162 levigatam
981 1140 992 1158 ,
1012 1109 1076 1149 hic
1095 1108 1224 1148 noster
1241 1109 1379 1148 elixam
1395 1110 1432 1148 in
1449 1109 1549 1149 luna.
1568 1111 1714 1150 Scilicet
1731 1113 1941 1165 coquendo
1979 1158 1983 1166 1

671 1162 802 1203 semini
816 1163 951 1202 maiori
965 1163 1091 1202 calore
1103 1175 1204 1215 opus
1216 1162 1283 1208 est,
1295 1174 1412 1215 quam
1425 1163 1470 1201 ad
1481 1162 1713 1215 sanguinem.
1728 1164 1800 1204 Sed
1812 1178 1940 1218 neque

673 1216 715 1255 in
729 1217 854 1256 verbo
869 1215 1014 1265 ἐπαφῆς
1028 1216 1117 1255 mihi
1130 1215 1316 1255 satisfacio
1326 1247 1337 1263 ‚
1352 1216 1393 1255 &
1405 1215 1557 1256 vertiffe
1574 1231 1633 1256 me
1647 1217 1737 1256 illud
1752 1219 1880 1270 potius
1892 1218 1940 1258 ad

672 1269 894 1310 sententiam
905 1299 916 1317 ‚
933 1282 1047 1322 quam
1064 1280 1160 1322 puto
1176 1270 1294 1309 verba
1308 1269 1447 1308 habere
1460 1299 1470 1315 ‚
1484 1283 1600 1322 quam
1623 1283 1672 1308 ex
1693 1271 1733 1309 vi
1747 1272 1856 1311 verbi
1875 1272 1944 1312 ali-

672 1325 775 1364 unde
795 1325 885 1363 mihi
901 1323 1079 1375 cognita,
1095 1335 1173 1362 non
1188 1322 1391 1362 diffimulo.
1411 1323 1541 1363 Girsu.
1556 1324 1655 1362 Addi
1671 1324 1795 1376 potest
1809 1325 1854 1363 ad
1869 1338 1942 1365 no-

673 1378 821 1417 tionem
839 1378 948 1428 φὸνου
964 1390 1034 1428 pro
1056 1376 1237 1428 sanguine
1257 1375 1348 1415 Plin.
1372 1389 1434 1422 21,
1452 1378 1519 1422 16,
1533 1375 1558 1415 s.
1577 1378 1622 1428 56
1636 1405 1645 1421 ,
1662 1378 1727 1416 ubi
1744 1378 1789 1417 de
1801 1378 1942 1431 Scoly-

675 1445 763 1471 mo:
781 1431 870 1470 Idem
890 1443 960 1469 erat
983 1431 1159 1482 atraHylis
1179 1445 1325 1482 quoque,
1342 1430 1406 1481 rufi
1417 1431 1590 1470 candidior
1607 1430 1708 1481 ‘ffts
1725 1431 1758 1469 δ’
1781 1432 1848 1483 nisi
1860 1431 1942 1470 san·
1976 1439 1979 1478 ,’

674 1485 856 1537 guineum
870 1482 1026 1523 succum
1036 1483 1205 1535 funderet.
1221 1486 1303 1534 Qua
1323 1486 1361 1521 de
1373 1483 1476 1535 cauſsa
1496 1483 1651 1536 phonos
1664 1496 1807 1524 vocatur
1825 1501 1848 1523 a
1865 1487 1942 1538 qui·
1976 1447 1994 1529 3

672 1539 812 1591 busdam
824 1569 834 1585 ,
850 1540 946 1578 odore
960 1539 1058 1576 etiam
1069 1537 1197 1590 gravis.
1209 1537 1322 1575 IDEM
1335 1537 1371 1575 in
1385 1537 1555 1576 Addend.
1975 1531 1991 1565 l?

728 1595 800 1632 ead.
813 1593 836 1631 z.
855 1607 890 1644 9.
904 1591 1098 1645 ’Avarum
1113 1591 1164 1630 ld.
1178 1591 1217 1628 in
1230 1591 1405 1630 Eunuch.
1423 1589 1587 1630 Casaub.
1599 1590 1644 1629 ad
1657 1590 1758 1631 Suet.
1771 1590 1835 1631 De
1847 1590 1942 1632 fabis
1974 1570 1993 1637 ὲ

675 1646 924 1698 Pythagorae
939 1645 1030 1684 Plin.
1046 1644 1230 1684 Plutarch.
1246 1657 1394 1691 omnes,
1406 1644 1565 1683 Lucian.
1581 1643 1732 1696 paffim:
1751 1646 1939 1685 rationem
1972 1642 1993 1847 ἒ

672 1699 834 1740 reddunt
849 1699 908 1738 ’ότι
923 1698 1073 1738 αἰδοίοις
1088 1698 1176 1737 εἰσὶν
1188 1697 1298 1746 ὅμοιοι
1311 1728 1321 1745 ,
1337 1698 1396 1736 alii
1410 1697 1533 1737 aliam.
1548 1698 1720 1737 BOURD.
1978 1741 1984 1749 t

734 1756 805 1792 ead.
820 1754 842 1790 l.
861 1765 917 1791 10.
932 1751 1113 1805 Χρυσοῦς)
1127 1750 1190 1790 De
1202 1751 1446 1803 Pythagorae
1458 1750 1603 1790 femore
1615 1764 1735 1791 aureo
1747 1751 1940 1805 Porphyr.

676 1805 728 1846 N.
746 1805 807 1851 28,
821 1806 861 1845 &
873 1817 952 1845 not.
966 1804 1086 1857 Diog.
1100 1805 1224 1844 Laert.
1272 1837 1277 1843 .
1293 1819 1314 1843 2
1324 1805 1382 1851 16,
1394 1804 1435 1843 &
1447 1804 1645 1845 Iamblich.
1657 1805 1704 1844 N.
1716 1819 1780 1858 92,
1790 1805 1939 1846 Aelian.
1983 1799 1989 1806 ⁸

676 1861 731 1899 V.
748 1860 799 1898 H.
815 1859 872 1906 11,
897 1860 946 1898 26
960 1889 972 1905 ,
990 1858 1226 1910 Apollonius
1284 1857 1438 1910 yscolus
1455 1871 1535 1910 cap.
1560 1859 1607 1907 6,
1628 1858 1776 1910 aliique.
1797 1858 1939 1900 Meurs.
1971 1852 1991 1958 ἓ

679 1913 772 1953 Ath.
784 1913 866 1952 Att.
880 1912 976 1952 Plut.
990 1912 1131 1952 Numa.
1142 1911 1329 1964 Origenes
1340 1910 1440 1951 solus
1451 1912 1659 1952 eburneum
1673 1912 1783 1959 dixit,
1794 1925 1830 1952 c.
1841 1911 1941 1954 Cels.

677 1967 750 2007 VI.
767 1966 924 2005 SOLAN.
1979 1971 1981 1976 ’

733 2021 810 2059 ibid.
825 2019 1094 2073 Θεο;)Α11ι]ὀίῑ
1108 2019 1155 2058 ad
1167 2019 1334 2058 carmina
1347 2031 1477 2067 aurea,
1490 2030 1589 2070 quae
1599 2018 1844 2071 Pythagorae
1856 2018 1942 2059 vul·
1969 1967 1994 2119 ἓ

680 2087 733 2127 go
747 2074 982 2119 tribuuntur,
994 2086 1162 2125 quorum
1177 2072 1252 2113 hoc
1274 2073 1449 2112 ultimum
1463 2071 1634 2111 ε’Ἔσο-εοιι
1659 2071 1839 2112 ἀθάνατος
1858 2076 1941 2113 θεὶς

679 2128 864 2180 ἄμβροτος
884 2123 1003 2166 οὐκέτι
1022 2127 1163 2168 ῧνητὸς.
1179 2126 1241 2165 De
1256 2125 1394 2178 quibus
1411 2124 1567 2165 consule
1589 2124 1735 2166 Fabric.
1756 2125 1853 2166 Bibl.
1867 2125 1939 2167 Gr.

677 2182 768 2230 460.
785 2180 978 2220 Iamblich.
992 2181 1106 2219 etiam
1123 2178 1265 2234 paffim.
1279 2179 1437 2219 SOLAN.
1978 2187 1985 2228 ᾗ

731 2237 805 2273 ead.
818 2236 842 2275 l.
857 2235 916 2274 16.
927 2233 1169 2287 Ἰταλιώτης)
1187 2233 1229 2272 In
1245 2246 1381 2285 magna
1395 2233 1495 2272 enim
1513 2232 1678 2273 Graecia
1691 2233 1729 2271 &
1755 2231 1941 2273 habitavit
1967 2242 1989 2308 ff

674 2286 914 2340 Pythagoras
925 2317 938 2334 ,
953 2288 992 2327 δι
1005 2287 1211 2340 discipulos
1223 2287 1354 2326 habuit
1367 2299 1508 2339 magno
1522 2299 1699 2326 numero.
1714 2286 1871 2326 SOLAN.
1973 2294 1982 2310 f

731 2342 809 2386 ibid.
824 2340 899 2380 Τῶν
910 2341 1006 2391 ἀμφὶ
1021 2340 1203 2392 Κρότωνα)
1214 2341 1297 2390 Περὶ
1310 2346 1335 2378 Κ
1338 2342 1472 2392 ρὸτωνοι
1484 2342 1564 2392 ’γὰρ
1576 2339 1706 2379 Italiae
1716 2339 1941 2378 συνεστήσα-

676 2407 720 2433 το
732 2393 957 2446 Πυθαγόρας
978 2396 1020 2433 το
1035 2392 1172 2433 ἑαυτοῦ
1188 2392 1459 2447 παιὲευτίιριον.
1475 2393 1630 2448 Inerant
1651 2393 1690 2432 δι
1712 2392 1874 2447 feminae
1893 2393 1941 2432 ἄ-

678 2462 769 2500 κρως
781 2446 1008 2498 ἐξασκοῢσοιι
1023 2448 1088 2487 τὴν
1104 2445 1259 2498 αἳρεσιν,
1281 2443 1326 2486 ἷῖἷν
1343 2447 1407 2485 καὶ
1422 2446 1547 2486 Θεανὼ
1563 2448 1612 2485 ἣν.
1627 2447 1779 2484 Τούτους
1793 2448 1852 2484 οὑν
1865 2459 1939 2495 <pn-

675 2515 736 2545 σιν
749 2498 859 2543 αὐτὸν
869 2499 1060 2543 ἐωιίἶσῧοιι.
1073 2501 1112 2541 A
1122 2500 1296 2542 Crotone
1306 2511 1431 2542 autem
1449 2501 1490 2540 δι
1503 2500 1553 2541 εἰς
1569 2501 1744 2553 Τάραντα
1758 2497 1778 2542 ἦ
1793 2497 1936 2553 αἵρεσις

1964 2629 1976 2656 ¹,-

1962 2644 1973 2715 ξ’.
