2015 3490
653 208 747 252 412
849 156 1730 243 ANNOTATIONES

707 284 784 321 ead.
797 281 823 320 l.
838 296 874 330 4.
887 281 973 334 Ἱρὴν
987 281 1053 321 καὶ
1066 280 1306 337 εὖρυέιγυωιν)
1317 283 1477 323 Troiam
1489 283 1549 324 his
1557 284 1732 337 epithetis
1743 285 1852 340 saepe
1862 293 1924 327 στὶ

656 347 722 374 nat
763 338 863 375 oeta.
874 336 1017 375 BROD.
1028 335 1104 375 Pro
1117 337 1274 388 vulgata
1287 336 1470 389 scriptura
1481 334 1706 390 εὐρυάγυιαν
1718 339 1922 392 legendum

652 349 791 428 cenigo
805 385 1010 441 εὐρυάγυια
1027 386 1244 429 manaymv.
1257 390 1298 430 ΙΙ.
1311 397 1359 437 Δ,
1385 403 1442 441 52.
1455 403 1581 442 neque
1591 391 1691 430 enim·
1704 391 1862 445 usquam
1875 393 1923 434 de

654 442 777 481 Troia
791 440 1016 495 usurpatum
1031 442 1207 482 invenio:
1226 455 1275 482 ne
1287 443 1410 483 dicam
1423 443 1495 482 iam
1504 452 1522 490 ‚'
1533 444 1792 496 Mycenarum
1808 447 1924 490 etiam

653 506 766 534 antea
781 494 917 534 faaam
932 496 1177 535 mentionem.
1189 496 1346 536 SoLAN.
1360 496 1554 536 Praeteriit
1564 497 1750 537 Solarium
1759 498 1865 538 Iliad.
1883 504 1924 548 B,

657 561 699 587 v.
717 562 783 596 141
803 561 812 587 :
831 545 883 588 Οὔ
895 552 974 602 γὰρ
987 549 1043 588 ἔτι
1058 550 1176 600 Τροίην
1190 548 1382 602 αἱρήσομεν
1396 547 1634 604 εὗρυάγυιαιν.
1649 552 1694 590 B.
1709 554 1746 590 de
1761 552 1857 592 Ball.

709 604 782 641 ead.
799 603 822 641 l.
838 614 874 654 9.
890 601 946 650 Ϊῷ
962 599 1080 641 αὐτοῦ
1091 602 1269 654 ὀνόματι)
1284 602 1440 656 Castigo
1453 602 1605 654 oe‘i'peoert.
1623 605 1714 644 Hoc
1733 605 1824 644 alias
1837 616 1928 659 pro·-

657 654 761 694 bavi.
776 655 914 694 BROD.
930 655 1303 708 CasparusBarthius
1315 657 1353 695 in
1365 657 1833 698 Animadvetfionibusad
1844 659 1928 699 Sta-

657 710 704 747 tii
714 709 897 748 Thebaid.
911 709 934 747 1.
950 725 975 756 4
984 738 995 754 ,
1008 723 1049 748 v.
1062 709 1113 757 48
1123 738 1135 757 ,
1150 709 1216 749 ubi
1226 711 1302 763 agit
1313 710 1359 750 de
1370 709 1641 762 Othryadibus
1652 740 1663 758 ‚
1678 712 1782 753 hunc
1792 712 1928 753 Lucia·-

661 763 703 801 ni
712 762 840 802 Iocum
851 763 976 802 mendi
992 763 1114 815 arguit
1124 792 1138 808 ‚
1150 774 1265 816 atque
1281 776 1370 803 eum
1384 762 1561 817 scripsisse
1572 763 1626 813 τῷ
1640 760 1758 804 αὐτοῦ
1770 762 1928 816 αἵματι.

662 816 894 855 ALMELOV.
907 817 1060 868 Argivos
1071 817 1164 854 vides
1176 817 1211 854 θ’
1221 818 1502 857 Lacedaemonios
1513 847 1526 863 ,
1543 819 1675 856 Charon
1684 846 1699 864 ‚
1719 831 1818 871 atque
1824 819 1929 871 send-

663 881 829 908 mortuum
849 871 1075 920 imperatorem
1100 871 1303 923 Othryaden
1314 899 1325 918 .,
1341 871 1409 921 fito
1434 872 1536 923 ipstus
1551 871 1682 910 nomine
1703 872 1944 923 iri-scribentem*

659 935 844 974 tropaeum.
864 923 924 962 Sic
935 924 1087 975 quidem
1100 936 1148 962 ex
1159 924 1318 976 vulgata
1332 924 1520 977 scriptura
1533 925 1763 964 vertendum.
1773 925 1838 965 est.
1855 926 1930 967 Sed

660 976 839 1016 Barthius
854 977 902 1015 ad
915 976 1077 1016 Statium
1091 977 1141 1016 T.
1158 977 1217 1024 11,
1233 991 1269 1030 p.
1285 991 1384 1030 904,
1400 978 1504 1017 haud
1518 977 1629 1017 dubie
1642 977 1838 1018 reffiffime
1850 993 1931 1034 ¹pro

660 1031 812 1079 ὀνόματι
825 1030 962 1081 reponi
981 1030 1087 1070 iubet
1099 1028 1253 1080 αἰζασιτι.
1263 1032 1413 1070 Verum
1431 1043 1518 1071 ante
1529 1044 1619 1070 eum
1634 1033 1669 1071 id
1680 1033 1754 1071 iam
1777 1032 1932 1073 iufferat

660 1083 862 1122 Brodaeus
874 1083 1030 1123 Misceil.
1042 1084 1098 1123 IX
1108 1115 1120 1131 ‚
1133 1097 1216 1137 cap.
1234 1097 1293 1124 10.
1307 1084 1421 1137 Quin
1432 1086 1546 1124 etiam
1559 1086 1622 1124 vel
1639 1097 1748 1133 ante,
1760 1086 1826 1125 vel
1846 1087 1933 1140 post

665 1136 885 1176 Brodaeum
898 1137 996 1177 idem
1008 1139 1228 1189 emendavit
1240 1139 1287 1178 ad
1296 1151 1404 1178 oram
1415 1138 1625 1178 Florentini
1635 1139 1860 1193 exemplaris
1869 1141 1930 1180 vit

664 1191 818 1240 qnidam
839 1190 1117 1230 eruditiffimus.
1136 1191 1322 1231 Ceterum
1341 1192 1458 1231 video
1474 1193 1573 1231 hanc
1591 1193 1738 1232 Barthii
1753 1205 1831 1233 non
1851 1206 1933 1233 ma-

664 1245 741 1295 giS,
758 1257 872 1296 quam
885 1245 1052 1283 aliorum
1067 1255 1155 1284 ante
1169 1245 1367 1285 Barthium
1381 1275 1394 1291 ,
1406 1246 1932 1287 emendationem-Amstelae·

666 1297 830 1336 damenfi
841 1298 955 1338 huius
965 1297 1157 1351 scriptoris
1168 1299 1326 1338 editioni
1339 1299 1499 1338 additam
1511 1312 1669 1353 quoque
1679 1314 1692 1347 3
1707 1298 1767 1338 sed
1777 1312 1854 1339 non
1865 1314 1932 1354 puf

668 1361 760 1398 tem,
776 1352 989 1399 Barthium,
1006 1351 1033 1390 si
1046 1352 1205 1400 videret,
1221 1353 1445 1406 agniturum
1455 1352 1538 1393 fore
1549 1383 1564 1399 ‚
1579 1352 1615 1391 se
1625 1355 1666 1391 de
1683 1354 1934 1405 OthryaAEbus,

663 1406 772 1457 quod
794 1406 868 1444 illic
887 1406 1042 1452 dicitur,
1060 1406 1106 1445 ad
1122 1407 1272 1446 Statium
1285 1407 1394 1459 egzffe.
1420 1406 1539 1458 Quot
1558 1405 1665 1446 fuere
1684 1406 1937 1459 Othryadae,

667 1459 716 1497 ad
729 1471 828 1512 quos
840 1459 1032 1512 inscriptio
1045 1461 1194 1512 tropaei
1208 1459 1277 1500 suo
1298 1460 1469 1514 ipsorum
1485 1459 1678 1513 sanguine,
1696 1459 1809 1513 poffit
1824 1460 1936 1502 refer-

664 1513 720 1552 ri?
737 1513 877 1551 Iterum
893 1512 1032 1553 Noster
1048 1514 1085 1552 in
1097 1514 1313 1553 Rhetorum
1327 1514 1539 1566 praeceptis
1550 1527 1583 1553 c.
1600 1513 1645 1552 18
1664 1514 1709 1553 de
1728 1512 1936 1566 Othryade

667 1567 841 1605 meminit
850 1597 866 1612 ,
877 1567 942 1605 ubi
959 1578 1140 1619 tanquam
1154 1568 1442 1607 memorabilem
1455 1569 1496 1607 δι
1506 1568 1670 1607 maxime
1682 1566 1865 1621 insignem
1879 1568 1938 1608 hi·

669 1619 809 1666 fiori-ae
821 1632 966 1670 partem
980 1622 1152 1660 nominat
1163 1624 1218 1660 τὰ
1229 1621 1431 1672 Ὀθρυέιὲου
1445 1621 1684 1673 γράμματα.
1704 1621 1810 1660 ltus.
1823 1622 1938 1662 Solus

668 1673 931 1726 Longolianus
943 1675 1247 1714 emendationem
1262 1675 1425 1714 Brodaei
1438 1675 1478 1714 &
1496 1674 1641 1714 Barthii
1652 1674 1803 1724 firmat,
1815 1673 1948 1726 ὤμοιο,

668 1740 708 1765 τι
721 1726 961 1767 scribentium
977 1741 1049 1780 pro
1063 1729 1224 1781 vulgato
1235 1728 1398 1778 ὀνόματι.
1411 1728 1509 1768 Vide
1521 1728 1563 1767 &
1576 1733 1609 1767 P.
1622 1734 1669 1767 Δ.
1693 1741 1776 1782 cap.
1797 1728 1856 1769 18.
1872 1729 1938 1769 In-

668 1779 914 1833 scriptionem
930 1783 1114 1821 habemus
1127 1783 1226 1834 apud
1245 1781 1436 1821 Plutarch.
1451 1781 1583 1821 Parall.
1599 1794 1687 1834 545¹,
1706 1797 1743 1829 2,
1755 1787 1820 1821 ΔΙΙ
1833 1787 1939 1822 Tpo-

670 1838 817 1873 ΠΑΙΟΥ
822 1840 899 1873 ΧΩ.
913 1835 1041 1888 Regio
1053 1848 1181 1874 autem
1192 1866 1202 1883 ‚
1218 1836 1264 1875 de
1279 1849 1355 1888 qua
1367 1845 1531 1882 certant,
1544 1836 1752 1886 Thyreatis
1766 1835 1830 1875 est.
1848 1836 1939 1876 Plu-
2011 1883 2013 1888 ‚

670 1889 790 1927 tarch.
805 1889 845 1928 &
858 1889 980 1928 Ovid.
996 1889 1091 1928 Fast.
1113 1889 1166 1935 11,
1182 1889 1270 1942 663.
1283 1889 1384 1928 Flor.
1404 1888 1461 1935 II,
1478 1903 1515 1935 2,
1535 1901 1593 1938 14.
1611 1889 1801 1929 Herodot.
1818 1890 1858 1938 I,
1871 1889 1939 1932 82.

671 1942 805 1981 Valer.
817 1943 924 1982 Max.
937 1943 1006 1989 ΙΙΙ,
1020 1958 1053 1981 2.
1068 1943 1225 1982 SOLAN.
1243 1943 1358 1982 Haud
1371 1942 1486 1982 futilis
1497 1942 1716 1982 emendatio
1732 1942 1937 1984 do&orum

673 1995 876 2036 hominum
891 1995 1077 2049 suffragiis
1098 1997 1149 2036 ita
1169 1996 1340 2042 fulcitur,
1354 2007 1396 2036 ut
1411 1996 1716 2036 membranarum
1733 1995 1941 2037 auEtorita-

672 2059 750 2088 tem
775 2063 853 2089 non
867 2050 1063 2090 desideret:
1082 2050 1126 2090 iis
1146 2051 1247 2090 enim
1271 2051 1360 2102 quid
1377 2063 1476 2102 opus
1502 2049 1579 2096 est,
1594 2050 1661 2089 ubi
1681 2063 1741 2089 res
1764 2049 1842 2103 ipsa
1863 2051 1940 2090 cla-¹

674 2103 777 2142 mat?
794 2104 991 2157 Ampelius
1007 2117 1040 2143 c.
1057 2117 1104 2152 14
1114 2134 1124 2148 ,
1140 2105 1316 2156 quamvis
1328 2105 1365 2142 in
1379 2103 1533 2143 historia
1546 2103 1655 2156 plane
1669 2103 1843 2151 fallatur,
1857 2117 1939 2146 non

672 2156 778 2197 secus
791 2170 836 2198 ac
849 2157 875 2196 si
891 2159 1100 2198 Lucianum
1113 2158 1247 2197 Latine
1259 2156 1447 2197 vertiffet:
1467 2159 1662 2209 Othryades
1673 2159 1730 2196 vir
1739 2157 1880 2198 bellator
1889 2181 1936 2190 -

675 2223 845 2263 tropaeum
860 2212 928 2262 suo
938 2212 1109 2263 sanguine
1117 2212 1260 2265 fi-rz'pfit2
1274 2211 1405 2251 Plures
1422 2212 1460 2249 in
1478 2211 1609 2251 illustri
1632 2209 1733 2250 faeie
1747 2212 1940 2253 narrando

673 2264 831 2304 similem
844 2266 1023 2318 loquendi
1039 2264 1245 2304 formulam
1260 2265 1527 2304 adhibuerunt:
1543 2265 1685 2304 omitto
1696 2275 1881 2304 vexatum
1897 2266 1939 2305 il.

676 2318 740 2357 lud
755 2319 784 2356 F
788 2319 859 2358 lori
870 2350 880 2366 ‚
896 2321 970 2358 licet
983 2320 1071 2358 m'lu'l
1079 2318 1444 2372 firipfiritsanguine:
1463 2319 1595 2358 Valer.
1615 2318 1774 2358 Maxim.
1796 2318 1872 2365 111,
1893 2333 1915 2358 2
1927 2349 1941 2367 ‚
1955 2326 1967 2332 ·

678 2383 752 2411 ext.
771 2372 785 2421 ξ
808 2388 852 2420 4,
869 2373 1038 2425 sanguine
1049 2374 1118 2423 sito
1128 2373 1265 2426 scriptis
1280 2373 1405 2419 literis,
1427 2375 1589 2425 dereptam
1605 2372 1750 2425 hostibus
1769 2372 1952 2412 viam-iam

680 2420 811 2464 fantum
827 2442 893 2465 non
903 2426 1064 2479 poflfimz
1073 2426 1142 2476 sua
1153 2427 1188 2464 in
1193 2429 1305 2478 finum
1317 2427 1446 2478 patriae
1459 2439 1594 2465 cruento
1605 2426 1730 2478 tropaei
1742 2426 1840 2464 titulo
1853 2439 1940 2464 retu-

675 2479 728 2518 lit.
745 2480 908 2522 Senecae
923 2475 1028 2522 Suas.
1049 2480 1105 2530 11,
1124 2494 1162 2535 p.
1177 2494 1245 2528 21,
1256 2480 1334 2522 levi
1347 2480 1560 2521 mutatione
1580 2479 1749 2520 succurri
1762 2477 1867 2534 poffe
1877 2491 1943 2534 ab,
