2015 3490
667 237 764 283 434
858 217 1736 267 ANNOTATIONES

662 319 766 360 puto
785 307 959 359 equidem
985 305 1090 344 ἀλλὰ
1113 305 1150 344 in
1166 305 1235 345 hac
1257 305 1389 345 Attica
1407 305 1569 345 dieiione
1594 306 1817 356 παρέλκειν,
1839 316 1928 347 cum

668 372 865 412 nunquam
880 359 947 398 nist
957 371 1131 397 unacum
1147 359 1215 397 hac
1230 359 1371 398 vocula
1382 359 1668 419 comperiantur
1682 359 1820 400 Graeci
1830 361 1929 400 hanc

662 412 872 462 dictionem
887 412 1102 451 adliibuiffe.
1123 413 1265 463 Utique
1278 411 1377 451 adest
1397 413 1577 451 omnibus
1590 412 1703 457 locis,
1717 425 1816 464 quae
1828 414 1930 452 dein-

669 478 759 517 ceps
779 464 1001 512 afferemus3
1023 477 1123 515 qnae
1144 465 1296 512 itidem,
1313 464 1430 517 iisque
1451 465 1580 517 plura,
1602 465 1717 503 habet
1735 465 1866 504 Suidas
1880 466 1931 506 Τ.

667 518 726 563 ΙΙ,
741 531 824 571 pag
841 518 926 570 3.48
939 518 1010 557 Sed
1024 518 1064 556 δι
1076 517 1208 557 Suidas
1222 519 1272 556 ibi
1287 518 1406 556 utitur
1428 516 1499 569 (ut
1517 517 1644 570 paffim
1661 517 1785 571 solet)
1803 520 1930 559 verbis

669 571 900 611 Scholiastae
915 570 1031 609 nostri
1044 582 1142 619 ‚tam
1158 584 1255 621 quae
1267 571 1384 610 modo
1401 572 1449 608 ad
1460 571 1592 610 Nubes
1609 571 1798 618 vidimus,
1812 585 1929 624 quam

669 637 768 676 quae
779 625 839 663 hic
853 624 898 663 ad
912 624 1062 671 Ranas3
1076 636 1212 662 verum
1229 625 1302 670 ita,
1316 635 1358 663 ut
1379 635 1576 676 appareat,
1593 637 1681 662 eum
1702 623 1776 663 esse
1797 637 1930 664 corru-

668 689 789 736 ptum
797 677 836 715 δι
849 688 1078 716 truncatum.
1091 676 1178 715 Ait:
1195 673 1245 715 Οὔ
1258 676 1348 740 γάρ.
1360 676 1638 727 Ἀριστοφάνης
1625 692 1657 715 εν
1667 680 1857 724 Νεφέλαις.
1869 678 1931 716 ἀν·

668 745 709 769 τι
724 744 788 769 του
807 730 913 768 ἀλλὰ
927 730 990 768 καὶ
995 731 1098 796 γὰρ,
1107 728 1316 769 Ἀττικῶς
1297 744 1344 768 ως
1354 729 1632 794 Καλλίμαχος·
1652 729 1840 769 ’Amano'
1855 729 1931 770 ‘171-

670 783 883 823 πώνοικτσς.
903 798 940 821 ου
959 784 1053 834 γὰρ,
1078 782 1162 820 ἀντι
1179 780 1243 820 τοῦ
1265 797 1328 821 κειι
1346 783 1425 832 ’γὰρ
1448 778 1534 822 iimo.
1556 782 1653 821 Satis
1674 783 1813 834 liquet,
1837 784 1929 824 haec

671 835 900 876 Scholiastae
913 836 1031 874 verba
1045 835 1144 887 apud
1157 835 1309 874 Suidam
1323 834 1396 874 effe
1410 835 1605 881 mutilata,
1619 835 1656 874 δι
1671 836 1770 874 male
1782 849 1831 875 ex
1844 836 1930 876 Ari-

673 889 757 941 stop
761 889 902 928 hanicis
916 889 1075 928 Nebulis
1087 889 1247 940 produci
1258 885 1296 927 οὗ
1304 891 1405 955 γᾶς,
1417 901 1489 940 pro
1505 889 1613 926 ἀλλὰ
1623 903 1686 927 και
1696 889 1787 941 γάρ·
1800 891 1837 928 ἃ
1852 903 1929 930 ma·

670 943 730 982 le
724 956 760 981 m
774 943 904 986 verbis
921 941 1143 980 Callimachi
1157 941 1281 980 omitti
1296 940 1398 986 ἀλλ’,
1419 954 1506 980 cum
1523 941 1623 980 clare
1635 941 1927 994 Aristophanes,

672 993 712 1034 οὗ
729 997 808 1046 ’γᾶς
824 994 939 1033 ἀλλὰ·
953 1007 1121 1046 cumque
1139 995 1266 1033 itidem
1281 995 1405 1033 clare'
1397 1007 1434 1032 m
1449 993 1685 1034 Callimacho
1698 995 1800 1063 apud
1811 995 1930 1036 Scho—

671 1048 804 1088 liasten
818 1048 907 1087 illud
921 1048 1019 1087 idem
1034 1046 1137 1086 adfit.
1152 1047 1214 1087 Est
1225 1060 1390 1111 namque
1403 1048 1550 1099 integer
1565 1047 1727 1092 Scazon,
1742 1048 1928 1088 'Axoume'

674 1101 943 1149 Ιποτωνακτος,
963 1097 1001 1139 οὖ
1020 1102 1103 1152 ’γὰρ
1119 1100 1206 1139 ἀλλ’
1226 1115 1311 1140 nneo.
1330 1099 1602 1163 Aristophanes
1622 1114 1740 1164 porro
1759 1102 1796 1140 in
1809 1102 1930 1143 Ranis

674 1155 725 1193 A.
740 1155 778 1202 1,
795 1154 855 1193 Sc.
869 1155 926 1199 ΙΙ,
939 1166 1060 1206 prope
1073 1153 1188 1192 finem
1200 1154 1313 1204 ,Φέρε
1329 1153 1376 1193 ‹Pn
1396 1155 1550 1205 ταχέως
1562 1152 1657 1193 αὔτ.
1671 1150 1707 1193 οὗ
1726 1157 1808 1206 γὰρ
1821 1156 1930 1194 ἀλλὰ

674 1210 859 1247 πειστέον.
873 1184 947 1246 Hic
958 1207 1074 1245 allinit
1085 1206 1130 1245 de
1145 1206 1234 1245 suo
1227 1218 1432 1258 interpres,
1453 1207 1571 1246 verba
1587 1204 1624 1245 οὗ
1639 1209 1716 1261 γὰρ
1730 1209 1838 1246 ἀλλὰ
1850 1223 1932 1248 πει-

677 1261 784 1301 στέον
797 1269 973 1307 vertens,
987 1275 1053 1299 non
1067 1261 1192 1311 aufim,
1199 1260 1263 1311 sed
1271 1275 1340 1299 meo
1359 1276 1429 1299 mos
1444 1261 1484 1311 eft
1497 1264 1656 1311 gerendus
1669 1261 1756 1300 hero.
1770 1260 1930 1313 Diony-

675 1314 737 1354 sus
749 1314 863 1353 herus
877 1314 992 1366 exigit
1003 1303 1050 1353 ab
1062 1313 1229 1352 Xanthia
1242 1312 1368 1360 servo,
1379 1323 1423 1352 ut
1434 1312 1520 1365 ipfi
1513 1325 1607 1353 mter
1621 1313 1658 1352 se
1669 1314 1765 1353 alter
1776 1314 1929 1354 alterius

676 1367 876 1420 personam
887 1366 1093 1414 affumant3
1109 1366 1246 1417 dumip
1248 1365 1285 1406 se
1304 1365 1370 1405 fiat
1389 1366 1594 1413 Xanrfflas,
1607 1367 1792 1406 Xanthias
1809 1366 1928 1407 leoni-

675 1434 763 1460 nam
777 1419 946 1471 Dionysi
959 1420 1109 1467 induat,
1123 1420 1348 1471 clavamque
1367 1420 1409 1459 &
1426 1419 1607 1472 reliquam
1629 1419 1759 1459 σκευὴν
1780 1420 1930 1461 Hercu-

674 1474 775 1513 leam
795 1474 841 1512 ab
863 1473 957 1513 hero
978 1473 1162 1523 Dionyso
1177 1471 1310 1512 sumat.
1325 1472 1388 1511 Ad
1401 1472 1493 1512 haec
1509 1472 1706 1525 respondet
1720 1474 1903 1513 Xanthias
1916 1504 1930 1522 ,

677 1528 745 1578 Φέρ
748 1541 763 1566 ε
779 1528 853 1567 &c.
867 1540 966 1580 quae
981 1527 1032 1565 ita
1044 1536 1171 1565 verte:
1193 1527 1276 1566 Cedo
1287 1541 1326 1564 ea
1337 1526 1420 1565 mihi
1431 1526 1585 1588 celeriter,
1596 1542 1736 1579 namque
1743 1530 1928 1579 parendum

635 1615 638 1618 Δ
677 1582 731 1634 est.
729 1544 791 1619 ΡΙη
805 1580 1035 1635 Ἐκκλησιαζ.
1046 1593 1086 1619 v.
1097 1578 1198 1644 387.
1214 1602 1258 1609 —
1275 1575 1326 1617 Οὗ
1339 1580 1417 1632 γὰρ
1431 1579 1519 1617 ἀλλ’
1532 1575 1721 1632 ὑπερφυως
1731 1580 1793 1619 Ὡς
1805 1591 1930 1620 λευκο-

678 1633 851 1673 πληθης
836 1649 872 1673 nv
884 1631 1004 1673 iseTv‘
990 1647 1008 1672 n
1023 1633 1208 1671 ’nnAnca‘oe.
1225 1655 1268 1662 -
1284 1634 1439 1685 Namque
1452 1632 1572 1684 inftgni
1586 1634 1714 1673 ratione
1729 1635 1845 1672 Videre
1857 1647 1930 1673 erat

678 1702 780 1739 quam
791 1687 904 1725 album
913 1686 992 1752 efflet
1002 1686 1188 1725 concilium
1207 1685 1253 1724 Et
1266 1685 1328 1724 hic
1343 1699 1501 1738 quoque
1513 1686 1610 1726 male
1624 1686 1825 1739 vulgatus
1817 1698 1930 1733 mter-

678 1752 767 1792 pres
784 1735 821 1778 οὗ
834 1742 912 1792 γὰρ
925 1739 1013 1778 ἀλλ’
1028 1740 1073 1778 ad
1085 1739 1246 1778 verbum
1263 1739 1379 1778 vertit
1391 1754 1457 1778 non
1468 1740 1573 1787 enim,
1580 1739 1653 1790 fid.
1668 1739 1772 1779 Patet
1789 1741 1903 1780 etiam
1914 1769 1929 1788 ‚

677 1793 754 1832 falli
777 1792 887 1832 Aem.
910 1793 1088 1838 Portum,
1108 1792 1174 1844 qui
1191 1793 1290 1831 hunc
1310 1792 1442 1831 locum
1465 1805 1513 1831 ex
1529 1793 1929 1854 Thesmophoriazufis

636 1890 639 1892 ,
679 1847 774 1888 citat
796 1845 895 1898 apud
914 1845 1268 1886 Suidam.1terum
1260 1858 1299 1884 ιη
1313 1845 1480 1885 Ranisv.
1503 1858 1549 1895 54
1563 1847 1610 1885 ab
1632 1847 1737 1886 initio
1757 1847 1928 1888 Comoe-

680 1900 777 1947 diae,
789 1900 846 1938 Mn
859 1899 1012 1939 σκῶπτέ
1022 1900 1065 1949 μ’
1081 1892 1109 1937 ὠ
1119 1898 1248 1946 ’Σελφῖ
1261 1901 1300 1938 ου’
1317 1900 1395 1952 ’γὰρ
1407 1898 1493 1937 ἀλλ’
1509 1898 1590 1952 ἔχω
1605 1914 1742 1938 naum.
1755 1901 1831 1940 Hic
1843 1912 1928 1940 tan-

680 1954 765 1992 dem
783 1952 880 1991 bene
897 1952 1059 1992 vertitur
1077 1952 1250 1991 enimvero.
1267 1953 1382 2004 Apud
1397 1952 1610 1991 Lucianum
1631 1966 1790 2005 quoque
1808 1955 1845 1992 in
1864 1953 1928 1995 De

679 2005 848 2046 Parafito
862 2017 896 2044 c.
909 2020 981 2058 49,
993 2006 1084 2045 haec
1098 2006 1228 2044 eadem
1249 2006 1408 2045 recurrit
1430 2005 1616 2052 formula,
1629 2008 1671 2046 δε
1689 2006 1790 2046 recle
1805 2007 1872 2045 ab
1865 2020 1928 2046 m-

680 2069 846 2112 terprete
859 2059 1020 2098 enimvero
1039 2058 1216 2098 redditur.
1238 2057 1438 2110 Quoniam
1455 2072 1552 2098 vero
1567 2059 1596 2098 is
1612 2060 1718 2099 locus
1735 2060 1926 2111 quandam

681 2113 817 2152 habet
808 2125 846 2151 ιη
861 2111 898 2152 se
910 2111 1013 2165 quast
1026 2111 1227 2157 salebram,
1240 2125 1327 2151 eum
1341 2125 1418 2151 non
1430 2112 1510 2160 hic,
1521 2111 1583 2151 sed
1600 2111 1669 2152 suo
1684 2114 1810 2176 potius
1824 2114 1928 2153 ordi·

681 2179 731 2206 ne
741 2166 917 2227 deinceps
924 2164 1177 2205 traEiabtmus
1187 2142 1299 2205 H’anc
1308 2165 1353 2204 de
1363 2165 1524 2204 dictione
1532 2166 1659 2205 Attica
1670 2163 1707 2204 αὖ
1715 2167 1794 2219 γὰρ
1805 2167 1927 2214 ἀλλὰ,

681 2232 755 2272 pro
768 2219 943 2265 enimvero,
956 2219 1243 2271 disputationem
1256 2218 1418 2258 nostram
1434 2219 1764 2258 communicabam
1777 2233 1864 2259 cum
1880 2220 1928 2262 cl.
1939 2232 1941 2235 ’

634 2299 637 2302 -
681 2273 899 2318 Perizonio,
917 2272 1028 2324 super
1046 2283 1188 2311 vexato
1201 2272 1267 2311 illo
1285 2272 1534 2312 Aelianiloco
1554 2272 1617 2311 lib.
1628 2272 1720 2311 VIII
1735 2276 1878 2312 HomaA.
1895 2286 1929 2315 c.

688 2340 705 2365 x
715 2339 752 2364 2:
768 2324 986 2377 Παράὲοξὸν
998 2340 1069 2378 ‘7⁶⁹
1082 2323 1120 2364 οὐ
1139 2327 1218 2391 γὰρ
1233 2324 1404 2388 ἀληθὲς,’
1395 2325 1614 2365 exorso-611⁷&
1626 2325 1907 2375 Δημοσῖὲενους’
1891 2339 1929 2367 εν

684 2379 911 2426 Manduriam
925 2379 1105 2429 Αἰσχίνης
1123 2377 1193 2416 ἒ
1152 2393 1167 2416 ε
1179 2395 1195 2417 ο
1206 2379 1354 2430 Ατρομ
1344 2393 1420 2417 nou
1441 2378 1456 2417 ὃ
1474 2378 1684 2418 Κωθωκίέης
1701 2393 1766 2418 neu
1784 2379 1928 2418 ἑνευεΓο-

684 2433 782 2481 κίμει
795 2432 869 2470 τοῖς
881 2419 1086 2471 ’Μακεῶόσμ
1101 2432 1142 2470 Id
1153 2432 1254 2471 enim
1268 2433 1358 2470 mibi
1370 2433 1415 2471 de
1427 2431 1500 2471 hoc
1512 2433 1603 2471 loco
1618 2431 1821 2471 sententiae
1832 2443 1926 2480 erat,

657 2526 664 2533 ,
685 2484 784 2538 (nec
799 2485 911 2528 video
925 2485 1048 2526 adhuc
1057 2515 1072 2533 ,
1086 2498 1154 2526 cur
1166 2486 1248 2526 eius
1268 2486 1463 2539 poenitere
1478 2499 1539 2526 me
1552 2486 1712 2538 debeat)
1726 2485 1926 2538 legendum
