2015 3490
242 219 328 264 IN
383 217 1124 266 CONTEMPLANTES.
1224 238 1314 282 411

51 316 90 346 te
126 304 363 344 lura‘dabunt
373 305 412 344 P.
428 304 549 344 Faber
558 305 657 345 Sem.
673 305 711 352 Ι,
727 319 760 345 c.
776 305 816 352 8,
830 321 866 359 9,
884 306 1039 347 Fabrot.
1050 308 1095 346 ad
1111 308 1321 361 Theo-phil.

49 358 111 400 Im
129 388 137 397 .
156 358 192 398 11
205 388 216 404 ‚
231 358 281 398 T.
302 359 373 398 1V.
393 371 527 398 neuter
546 359 706 399 Luciani
725 373 960 400 mentionem
980 362 1117 400 omisit.
1137 362 1312 402 Ambroi'.

49 413 120 465 Ep.
133 412 299 452 XXXV:
315 414 380 451 Tot
393 414 498 465 igitur
497 414 738 465 slmirularum
751 415 882 453 albium
893 419 1078 463 cadaver-1,
1095 428 1319 470 terrarumque

43 465 112 518 sub
125 467 235 505 eodem
249 465 551 520 adspeflujg‘mera.
570 468 733 506 HEMST.
1227 477 1231 480 '

103 520 183 558 ibid.
190 514 311 559 “On-ou
324 520 413 559 πότ’
426 523 481 568 ἦν)
498 522 646 571 Campus
657 519 801 570 ubifizit.
813 521 986 560 BOURD.
1041 516 1048 522 ⁵

103 577 177 612 ead.
190 574 216 612 l.
231 588 266 626 9.
282 573 319 612 ‘H
334 573 523 626 Βαβυλὼν)
540 575 628 613 Hoc
644 575 773 613 multis
783 575 967 627 exemplis
979 575 1091 615 docet
1103 576 1143 614 in
1157 574 1320 616 Arcadi-

10 661 17 670 .
44 625 102 668 cis
119 626 331 666 Pausanias.
355 627 497 667 BRoo.
518 628 704 667 Nondum
725 627 883 667 Luciani
905 640 1032 668 aetate
1055 641 1137 668 tota
1159 633 1320 683 perierat

45 680 248 733 Babylon:
265 683 442 734 quamvis
455 682 558 721 enim
576 682 613 720 in
632 682 707 721 hoc
725 680 913 734 opusculo
932 682 1052 722 multa
1075 683 1145 722 fint
1164 685 1319 724 alterius

0 773 1 777 ,
43 735 249 787 temporis,
263 735 323 775 hic
336 736 383 774 ad
396 734 502 774 suam
516 746 678 775 aetatem
695 734 892 788 respexisse
911 748 1020 788 puto.
1036 736 1264 789 CerteEva.
1285 752 1318 778 c.

0 796 1 799 ’
46 802 101 842 34
114 788 329 839 Babylonis
348 789 388 828 &
411 789 626 836 Seleuciae,
643 802 685 828 ut
704 788 940 828 diversarum
955 821 966 838 ‚
988 790 1119 830 diserte
1133 793 1319 831 meminit.

45 842 156 882 Adde
169 841 371 896 Iosephum
383 842 478 882 Ant.
491 842 641 888 XVIII,
657 842 805 895 saepius
820 844 864 882 de
877 844 1083 894 Babylone
1098 845 1205 898 quafi
1221 845 1320 884 stan·

45 906 85 935 te
107 906 200 935 tunc
219 898 402 949 temporis
422 897 546 936 verbo
567 896 792 936 facientem:
811 896 908 936 Caio
933 909 1062 937 autem
1083 899 1319 950 imperante,

44 962 148 1001 quae
166 950 216 988 ibi
227 961 376 998 narrat,
393 951 641 1003 gerebantur:
655 952 741 990 vide
756 949 972 1002 praesertim
986 953 1119 1005 capitis
1132 954 1168 992 X
1188 954 1321 992 novis-

43 1003 161 1043 sxmae
174 1004 231 1043 ed.
245 1004 413 1053 Oxon.§
437 1004 461 1043 6
481 1005 523 1044 δι
539 1004 561 1043 8
574 1034 584 1051 ,
601 1004 669 1043 ubi
690 1005 920 1044 Iudaeorum
942 1006 1121 1058 migratio
1143 1019 1319 1046 narratur

42 1057 284 1110 eBabylone
302 1059 346 1097 ad
367 1057 588 1099 Seleuciam.
603 1059 696 1111 Legi
716 1070 843 1098 tamen
857 1071 1066 1108 merentur,
1085 1073 1184 1113 quae
1201 1073 1222 1099 a
1239 1061 1319 1100 Bo-

31 1109 185 1154 ,charto
196 1124 245 1151 ex
255 1111 347 1151 Plin.
362 1111 419 1152 VI
432 1143 443 1159 ‚
459 1112 510 1151 26
519 1143 530 1160 ‚
543 1111 584 1151 &
595 1110 716 1151 Strab.
731 1112 828 1152 XVI
845 1142 855 1159 ,
874 1112 1142 1166 proferuntur,
1154 1127 1235 1167 quo
1249 1114 1318 1154 Se-

29 1164 207 1204 leudam
221 1166 376 1218 intelligi
391 1166 529 1219 probet
542 1196 553 1213 ‚
570 1179 659 1207 cum
681 1179 726 1206 ea
741 1178 866 1206 aetate
885 1167 924 1206 δι
942 1167 1117 1220 deinceps
1133 1168 1318 1219 Babylon

43 1219 280 1259 nominatur.
302 1220 412 1260 Adde
430 1219 539 1259 Curt.
552 1221 605 1269 V,
625 1234 661 1267 1,
681 1220 826 1260 Herod.
851 1220 888 1267 Ι,
905 1219 991 1269 184.
1015 1220 1076 1260 sed
1090 1223 1178 1261 vide
1197 1223 1316 1261 etiam

43 1272 247 1325 Spanhem.
260 1274 354 1326 463,
368 1274 435 1327 qui
448 1287 495 1313 ex
511 1273 690 1321 Plin.VI‚
704 1274 744 1314 δι
756 1273 913 1314 Pausan.
924 1275 1039 1323 VIII,
1054 1290 1090 1329 p.
1107 1289 1180 1330 509
1194 1306 1207 1322 ,
1223 1276 1317 1315 nihil

41 1337 194 1380 praeter
209 1329 363 1367 moenia
375 1327 595 1381 superfuiffe
606 1328 729 1368 docet.
743 1328 901 1368 SOLAN.

97 1380 228 1420 ibid.‘H
243 1384 305 1420 τὸν
323 1382 454 1436 μέγαν
473 1378 872 1436 περίβολονγᾟχουσα
895 1381 1093 1422 subaudio.
1114 1382 1256 1423 BRoD.
1269 1387 1315 1422 Tb

45 1432 200 1488 ἔχουσαι
210 1465 223 1481 ,
235 1446 303 1474 aut
316 1437 405 1488 quid
421 1436 560 1481 ssmile,
575 1435 771 1476 defiderari
787 1437 950 1475 videtur.
969 1436 1140 1476 GUYET.

97 1491 172 1527 ead.
185 1489 207 1526 l.
226 1503 240 1528 1
254 1503 283 1528 1.
300 1487 468 1530 Μυκήνας
481 1489 497 1543 )
511 1490 562 1527 V.
577 1490 802 1529 Strabonem
818 1489 935 1537 VIII,
954 1490 1039 1542 pag.
1056 1504 1131 1542 377
1143 1492 1188 1531 Β.
1203 1491 1314 1531 cuius

41 1553 166 1582 aetate
179 1555 228 1583 ne
242 1543 445 1596 vestigium
460 1543 611 1597 quidem
624 1545 706 1583 eius
719 1544 899 1584 exstabat.
913 1543 1072 1583 SOLAN.

98 1599 172 1636 ead.
183 1597 207 1635 l.
221 1611 234 1634 ι
248 1611 278 1648 5.
293 1595 598 1643 ’Avrofiusio-novfm
609 1597 650 1636 αἱ
661 1597 811 1650 πόλεις)
823 1597 1012 1637 Plutarch.
1026 1598 1186 1637 Romul.
1202 1597 1315 1638 Cete-

39 1662 87 1689 ra
101 1651 266 1703 epitheta
279 1652 490 1691 Homerica
501 1681 515 1698 ‚
540 1661 584 1691 ut
600 1651 642 1690 δι
662 1650 789 1691 sensus
802 1651 844 1691 &
857 1653 1027 1691 rationes
1039 1681 1049 1700 ,
1068 1652 1207 1705 quibus
1223 1654 1313 1692 niti-

42 1713 120 1744 tur.
133 1705 308 1744 Bonan.

97 1758 188 1811 Pag.
204 1760 266 1807 64.
283 1760 306 1798 l.
326 1773 358 1798 1.
371 1758 518 1812 Ἰνάχου
534 1752 592 1797 οὖν
608 1756 696 1798 offis&
710 1759 845 1812 τάφος)
858 1759 973 1798 Anna
988 1759 1124 1804 Fabri,
1139 1759 1314 1799 eruditis-

39 1811 135 1851 fima
149 1812 363 1858 feminaIad
376 1812 600 1853 Callimachi
614 1814 823 1865 Hymnum
836 1814 874 1852 in
889 1812 1032 1853 Delum
1045 1828 1082 1852 v.
1096 1827 1162 1861 74,
1176 1826 1224 1852 ex
1237 1814 1311 1854 hoc

39 1865 135 1905 loco
153 1866 361 1919 colligens,
380 1867 564 1907 Inachum
580 1867 744 1907 fluvium
765 1868 923 1906 Luciani
938 1879 1114 1919 tempore
1134 1868 1236 1906 haud¹
1251 1868 1311 1907 su-

42 1918 236 1972 perfuiffe‚
251 1921 366 1969 addit,
381 1932 528 1973 patrem
545 1920 655 1961 suum
670 1922 799 1961 hocin
815 1921 906 1961 loco
919 1934 992 1974 pro
1010 1922 1126 1967 τάφος
1138 1921 1312 1961 restituis-

40 1971 82 2013 se
93 1974 240 2023 τάφρος.
252 1975 360 2014 ΙΕΝε.
375 1975 689 2015 Emendationem
702 1976 801 2015 Tan.
814 1975 926 2014 Fabri
941 1975 1140 2027 amplexus
1155 1974 1235 2014 sum
1251 1976 1310 2015 lu·

41 2026 266 2068 bentiffime.
286 2028 660 2075 SOLAN.„Veriffime
671 2029 814 2069 Faber:
835 2028 943 2068 fimili
962 2030 1081 2068 modo
1101 2029 1307 2081 legendum

42 2081 86 2120 in
98 2081 270 2134 Etymol.
285 2097 322 2135 p.
338 2082 431 2132 487,
451 2096 488 2122 v.
506 2097 576 2136 39,
592 2082 756 2135 Κάμσιξ,
777 2082 975 2136 ἀρσενικῶς
990 2082 1057 2133 μὲν
1079 2097 1250 2133 cmm-usa
1265 2086 1307 2121 τὸ

43 2133 215 2188 ῧρυγμα,
233 2136 252 2177 ἢ
273 2136 359 2176 τοὺς
380 2136 414 2176 ὲν
431 2137 557 2189 τάφρῳ
580 2138 848 2191 πεπηγμένους
868 2138 1099 2175 πασσάλους
1123 2140 1212 2187 πρὶς
1236 2137 1306 2176 τὴν

43 2189 116 2229 τῶν
134 2190 320 2241 ’πολεμίων
339 2188 454 2243 ἐρωήν·
470 2191 720 2244 Sylburgium
732 2190 884 2237 fefellit,
899 2191 1004 2244 quod
1017 2191 1213 2242 vulgatur,
1229 2193 1307 2229 τέι-

42 2253 122 2293 φῳ.
135 2244 198 2282 Ad
209 2244 340 2297 Argos
355 2247 430 2284 τὰς
447 2245 530 2297 περὶ
541 2248 585 2284 τὸ
599 2245 737 2297 τεῖχος
754 2246 910 2297 τάφρους
929 2255 1211 2284 commemorat
1227 2246 1306 2284 Xe-

42 2296 166 2349 noph.
178 2297 274 2337 Ἔλλ.
290 2299 362 2347 lv,
374 2311 456 2351 pag.
472 2313 490 2351 3
504 2313 560 2347 12,
574 2312 614 2338 V.
631 2313 692 2352 35.
705 2299 869 2338 Inachus
880 2310 1008 2338 autem
1021 2297 1166 2350 semper
1179 2300 1304 2338 tenuis

43 2350 178 2397 fluxit,
199 2364 248 2391 ex
263 2365 343 2405 quo
358 2365 492 2392 contra
504 2353 726 2406 Neptunum
749 2352 888 2392 Iunoni
897 2352 1095 2404 Argorum
1112 2351 1304 2404 poffeffio-

42 2416 132 2443 nem
145 2405 389 2446 adiudicavit:
404 2419 569 2460 poenam
585 2407 698 2458 igitur
709 2406 762 2446 est
775 2405 899 2461 paffug
909 2436 922 2452 ,
935 2418 978 2445 ut
991 2419 1130 2458 aquam
1147 2419 1227 2445 uon
1243 2407 1304 2446 ha-

44 2459 134 2498 beat
146 2457 202 2498 ’ότι
214 2459 269 2509 μὴ
285 2456 445 2500 ὕσαντος
459 2458 525 2499 τοῦ
539 2460 635 2500 δεοῦ.
648 2462 771 2511 δέρους
784 2459 828 2498 ἒὲ
841 2462 921 2499 aim.
937 2461 1057 2508 σφίσιν
1070 2460 1150 2498 ἐστὶ
1165 2463 1215 2497 τὰ
1230 2460 1304 2509 ῥεύ-

42 2526 180 2566 μαη,
193 2513 293 2555 πλὴν
304 2513 374 2555 τῶν
385 2515 418 2555 ἐν
432 2515 551 2567 Λέρνῃ,
566 2514 657 2555 teste
671 2513 831 2556 Pausau.
846 2514 882 2553 II
894 2544 906 2564 ‚
920 2527 954 2567 p.
972 2528 1057 2567 145.
1072 2514 1235 2552 HEMST.
