2015 3490
664 272 752 327 5³0
857 215 1751 297 ANNoTATIONES-

717 339 804 390 Pag.
820 337 907 377 216.
922 338 946 377 l.
961 351 993 376 2.
1013 334 1225 388 Τιμόκλεις)
1250 337 1406 376 Nomen
1426 336 1530 376 haud
1547 337 1660 377 dubie
1676 351 1834 386 verum,
1855 338 1916 379 sed

658 391 825 430 hominis
836 391 935 430 haud
948 391 1118 436 aliunde,
1133 403 1248 442 quam
1262 403 1309 429 ex
1326 389 1480 435 nostro,
1493 392 1585 430 noti.
1598 391 1788 430 Timoclis
1798 392 1919 440 Stoici

659 445 834 484 meminit
848 444 885 483 in
898 449 935 483 Z.
948 447 1005 495 Τρ.
1018 457 1049 483 c.
1067 459 1092 492 4
1103 444 1144 483 δι
1156 443 1257 496 seqq
1279 443 1351 483 Sed
1366 457 1413 482 an
1428 444 1524 482 idem
1539 443 1598 492 fit,
1610 444 1810 490 addubito,
1824 446 1920 505 quia

660 498 725 537 hic
737 510 883 536 amicus
892 497 1012 537 v1der1
1025 496 1157 549 potest.
1170 496 1250 535 Nifi
1262 495 1362 536 forte
1377 495 1526 549 postea
1518 509 1613 536 mter
1627 510 1694 536 eos
1706 498 1920 538 inimicitiae

659 549 814 598 fuerint,
828 561 983 603 propter
997 563 1091 602 quas
1106 550 1320 588 hominem
1313 561 1362 588 ita
1376 549 1508 596 riserit,
1521 561 1564 589 ut
1576 550 1648 589 illic
1658 550 1758 590 facit.
1777 550 1920 591 Forsan

660 605 772 643 etiam
791 616 887 653 tum,
902 616 990 643 cum
1004 604 1106 642 hunc
1120 602 1260 642 librum
1274 601 1464 649 scriberet,
1473 616 1552 642 non
1563 603 1766 643 admodum
1779 605 1813 642 ei
1826 617 1920 644 cum

662 670 711 696 eo
727 657 998 697 conveniebat.
1021 656 1166 695 Indicio
1188 655 1262 695 effe
1281 656 1424 709 potest,
1447 657 1554 708 quod
1570 655 1688 709 usque
1703 659 1801 697 adeo
1813 658 1920 709 cupi-

662 711 751 750 dum
768 710 857 750 facit
872 712 954 750 eius
969 710 1070 749 vitae
1078 722 1215 762 ‚quam
1233 720 1274 748 ut
1289 708 1543 762 philosopho,
1558 710 1676 749 immo
1689 710 1832 750 liberaii
1848 711 1920 751 ho-

662 764 964 816 mineindignam
985 764 1018 803 ei
1032 741 1090 802 ol)⁹
1098 763 1237 802 oculos
1254 764 1374 815 ponit.
1391 763 1516 802 Immo
1532 776 1652 811 vero,
1666 765 1828 803 eundem
1846 763 1920 804 effe

665 816 849 870 suspicor,
864 831 931 870 qui
945 817 1138 866 ‘ii-tomen>
1140 830 1179 856 τις
1194 817 1234 854 in
1247 823 1377 866 Συμπ
1392 828 1428 855 c.
1447 829 1490 855 21
1511 816 1552 855 &
1567 816 1667 870 seqq.
1683 818 1811 866 audit,
1835 818 1922 870 qui-

663 884 741 924 que
754 870 827 910 illic
841 871 944 909 haud
960 871 1081 909 amice
1092 869 1177 909 {ane
1192 869 1564 909 traaatur.501.AN.

717 927 789 962 ead.
804 926 825 962 l.
841 925 876 963 6.
904 923 1150 976 Μισῧοφσρὲιν)
1170 921 1311 963 Forsan
1322 923 1576 976 μισῧοφορισιν
1595 922 1710 964 Conf.
1723 922 1820 963 infra
1833 936 1920 977 cap.

662 978 699 1018 6.
725 977 883 1017 SOLAN.

717 1032 794 1070 ibid
810 1027 875 1069 Of}
886 1045 935 1080 με
940 1031 990 1069 r&
1003 1045 1066 1069 του
1081 1029 1166 1069 τοὺς
1180 1029 1311 1079 φίλους
1327 1029 1428 1083 ἔχειν
1443 1029 1538 1083 &c.)
1561 1028 1787 1070 permoleste
1803 1029 1872 1069 ab
1863 1043 1922 1069 in·

664 1085 892 1137 terpretibus
905 1082 1321 1123 obscuratursententia
1336 1085 1452 1123 huius
1465 1085 1700 1123 narrationis.
1712 1084 1810 1123 Nam
1821 1083 1923 1123 Eras-

665 1151 751 1177 mus
763 1151 904 1190 ‚quem
922 1137 1089 1189 sequitur
1104 1137 1396 1182 Bourdelodus,
1415 1149 1679 1189 praeterquam
1693 1138 1798 1190 quod
1813 1150 1923 1190 prae·

665 1170 868 1244 positionis
884 1192 995 1231 huius
1009 1190 1196 1230 rationem
1215 1190 1357 1230 nullam
1370 1192 1524 1239 habeat,
1537 1202 1617 1230 tum
1633 1190 1746 1230 finem
1769 1190 1921 1244 peffime

664 1245 821 1291 claudit,
838 1244 1002 1283 scribens
1013 1245 1050 1282 id
1061 1259 1138 1282 vero
1151 1260 1217 1283 non
1235 1245 1394 1284 mediocre
1408 1245 1522 1284 videri.
1539 1244 1655 1296 Quae
1669 1245 1820 1297 quidem
1836 1244 1924 1284 alie-

664 1311 703 1337 ni
695 1297 810 1337 'ffima
821 1297 1056 1342 suntabillis
1065 1310 1168 1350 quae
1181 1297 1231 1336 lbi
1245 1297 1366 1337 scribit
1379 1298 1579 1338 Lucianus
1593 1298 1778 1343 Adv‚erte
1788 1297 1923 1344 Ιεὲῖοτ,

666 1352 709 1393 &
723 1352 891 1399 videbis,
908 1351 1073 1391 verbum
1087 1350 1387 1390 substantivum·
1380 1364 1417 1390 in
1440 1351 1511 1391 illis
1533 1350 1729 1404 postremis
1747 1351 1809 1389 1¹02}
1823 1346 1867 1390 ὡν
1882 1353 1923 1392 εὖ

665 1406 873 1457 πάσχουσι
886 1420 1025 1444 τουτων
1039 1405 1258 1455 λαμβάνειν,
1274 1402 1338 1443 adn
1351 1405 1435 1456 ὁλίγ
1443 1421 1476 1443 ον
1488 1405 1602 1451 ἐστιν,
1624 1405 1691 1458 (ut
1703 1405 1853 1458 quidem
1869 1405 1924 1444 di-

665 1457 820 1512 stinguit
839 1460 929 1498 edit.
942 1458 1055 1498 Salm.
1071 1458 1110 1497 δι
1125 1457 1205 1497 Par.
1221 1471 1311 1497 cum
1324 1457 1406 1498 Bas.
1422 1460 1487 1498 και
1502 1454 1546 1498 ὡν
1558 1461 1596 1498 εὐ
1611 1459 1834 1510 πάσχουσι,
1847 1458 1925 1497 τού-

664 1527 736 1551 των
749 1513 953 1563 λαμβάνειν
974 1508 1037 1551 οὐκ
1058 1512 1180 1566 ὀλίγον
1200 1512 1315 1560 ἐστιν,
1338 1525 1472 1551 omnes
1494 1511 1734 1565 ineptiffime)
1758 1510 1923 1551 abscindi

664 1566 801 1605 debere
812 1567 858 1605 ab
868 1566 1194 1624 praecedentibus,
1207 1565 1266 1605 &
1258 1578 1294 1603 m
1305 1565 1590 1606 construffione
1604 1566 1861 1605 revocandum
1877 1566 1924 1608 ad

664 1618 787 1671 ipsum
804 1619 973 1660 nostrum
989 1622 1056 1664 οἱς,
1070 1630 1112 1658 ut
1128 1619 1329 1658 annotavit
1338 1630 1456 1671 pater.
1475 1620 1639 1659 Videtur
1652 1618 1740 1658 sane
1752 1619 1787 1658 id
1801 1618 1922 1672 ipsum

665 1674 883 1726 exprimere
896 1672 1140 1720 Βεηθάἰξὶυε,
1163 1673 1284 1725 quibus
1295 1688 1369 1713 cum
1379 1689 1416 1712 eo
1419 1675 1521 1735 ’quod
1529 1673 1603 1713 &c.
1625 1673 1924 1736 peregrinarentur,

665 1742 734 1766 non
742 1728 845 1780 parvi
860 1727 937 1779 effet
949 1703 1156 1766 emolumenti
1174 1729 1345 1765 mercedem
1358 1727 1524 1766 amicitiae
1541 1728 1575 1766 δ’
1587 1726 1826 1778 benefac‘lorum
1839 1727 1926 1779 isto-

665 1795 738 1819 rum
751 1796 920 1834 acczpere;
938 1781 1055 1819 modo
1073 1779 1134 1819 ille
1152 1779 1213 1818 vel
1236 1780 1427 1832 propriam
1452 1781 1802 1841 interpretationem
1822 1780 1924 1822 reete

665 1834 906 1881 intellexerit,
918 1834 957 1873 δι
970 1836 1015 1873 το
1025 1835 1100 1887 effet
1111 1834 1296 1893 acceperit
1308 1846 1379 1897 pro
1387 1835 1501 1873 liceret
1516 1834 1578 1874 Sic
1587 1835 1687 1873 enim
1699 1833 1926 1897 distinguen-

666 1887 712 1925 da
725 1887 800 1936 illa,
825 1890 978 1937 προσέτι
989 1888 1052 1926 καὶ
1062 1889 1196 1938 μισῧον
1207 1901 1269 1927 ‘Tm
1281 1887 1414 1938 φιλίαις
1428 1888 1491 1926 καὶ
1507 1883 1551 1926 ὡν
1564 1881 1629 1928 εὖ
1615 1887 1823 1941 πάσχουσι
1835 1886 1926 1925 τοὺ·

666 1955 738 1978 των
750 1919 903 1990 niuem
907 1956 956 1980 ειν
972 1938 1035 1979 οὐκ
1049 1941 1188 1994 ὀλίγον,
1208 1939 1320 1980 ἐστίν.
1338 1941 1416 1980 Ut
1407 1954 1447 1980 ιη
1460 1941 1639 1981 Mercede
1658 1942 1770 1981 cond.
1788 1944 1925 1992 μισ-3ου
1942 1970 1946 1973 -

666 1992 732 2032 οῦκ.
747 1995 871 2047 ὂλιγον
883 1993 952 2034 τῆς
965 1995 1073 2061 ἐιγγε
1058 1997 1159 2033 λίας
1171 1995 1404 2045 προσλαβων.
1430 1994 1575 2035 GRON.

719 2052 792 2088 ead.
806 2049 827 2087 l.
843 2062 901 2089 10.
923 2048 1005 2089 Ἐπὶ
1026 2047 1157 2087 nuno&
1178 2048 1348 2101 ζεύγους)
1372 2051 1500 2089 Λευκον
1512 2049 1642 2102 ζεῦγος
1653 2057 1772 2090 vocat
1789 2062 1926 2088 currum

662 2103 817 2141 candidis
830 2104 932 2169 equis
937 2105 1086 2141 tranum.
1113 2102 1252 2141 BROD.

717 2158 790 2194 ead.
805 2156 828 2193 l.
853 2170 866 2194 1
876 2170 910 2195 2.
923 2155 1058 2208 Ἔστιν)
1073 2154 1266 2195 Servanda
1279 2155 1443 2194 omnino
1456 2155 1548 2196 haec
1562 2169 1661 2203 VOX,
1672 2154 1713 2195 &
1725 2155 1926 2205 vertenda,

663 2209 747 2247 licet.
772 2209 931 2249 SOLAN.
952 2209 1080 2248 Immo
1096 2208 1121 2247 fi
1135 2221 1288 2248 comma
1303 2208 1387 2261 post
1400 2210 1604 2259 λαμβάνειν
1617 2209 1761 2257 deleas,
1779 2209 1819 2249 δι
1835 2220 1923 2251 ante

664 2261 765 2301 {cmv
778 2276 956 2314 reponas,
970 2274 1014 2302 ut
1029 2262 1117 2302 facit
1131 2261 1302 2302 Solanus.
1322 2262 1466 2302 Rem-z.

718 2316 798 2354 ibid.
813 2318 894 2355 Ἀτ
881 2331 951 2370 εχι
956 2315 1022 2368 ως)
1045 2316 1105 2356 Sic
1128 2315 1241 2369 supra
1254 2316 1336 2355 Vit.
1352 2316 1451 2355 aust.
1469 2329 1503 2355 c.
1527 2328 1594 2364 ιο,
1615 2314 1791 2369 ἀτεχνῶς
1803 2314 1923 2365 ὅμοιον

665 2369 754 2408 κυιί.
773 2369 966 2422 Aristoph.
980 2370 1076 2409 Plut.
1098 2383 1169 2422 109
1182 2369 1255 2420 &3
1262 2370 1323 2408 62.
1338 2370 1429 2409 Vid.
1444 2368 1636 2409 Scholiast.
1652 2369 1692 2409 δι
1707 2369 1844 2435 Spanh.
1856 2368 1924 2421 qui

666 2422 804 2462 docent
807 2436 902 2476 ,qua
915 2424 1066 2463 ratione
1077 2421 1270 2476 ἀντεχνῶς
1282 2421 1482 2475 significet,
1493 2439 1580 2469 vere,
1593 2424 1737 2462 omnino.
1749 2422 1925 2476 ἀτέχνως·

667 2487 816 2523 aurem,
833 2488 985 2516 mutato
1000 2487 1180 2523 accentu,
1195 2476 1248 2515 est
1264 2477 1396 2515 ruditer.
1410 2478 1448 2516 V
1453 2476 1501 2516 1d
1514 2477 1766 2516 Ammonium
1785 2476 1831 2516 de
1842 2475 1925 2518 sun..

664 2528 783 2570 dssffer
799 2530 1009 2571 posteriore
1025 2531 1099 2571 hoc
1112 2529 1219 2571 sensu
1232 2529 1317 2570 Ael
1329 2531 1380 2572 V.
1393 2530 1445 2570 H.
1464 2530 1519 2580 X,
1541 2543 1599 2571 10.
1621 2530 1763 2572 ΚΕι-ΓΖ.
