2015 3490
651 254 755 298 404.
843 233 1743 285 ANNOTATIONES''

650 326 726 364 lein
739 324 929 377 optimum
945 324 1102 364 docere:
1124 337 1201 376 qua
1218 323 1372 376 quidem
1393 323 1430 362 in
1449 336 1490 363 re
1511 324 1660 363 nullum
1680 336 1848 364 naevum
1859 325 1918 366 vi·
1961 330 1969 339 “

652 379 741 426 deo,
757 380 824 430 qui
841 377 1076 417 venustatem
1091 378 1204 416 huius
1215 377 1328 416 libelli
1342 378 1553 419 imminuat.
1571 378 1736 416 HEMST.
1931 409 1933 412 .

675 461 677 463 .
708 434 780 470 ead.
798 433 821 469 l.
846 446 903 479 14.
918 429 1037 482 Ἠρίοι)
1059 430 1294 482 Frigethaec
1312 443 1454 469 vocum
1469 431 1678 470 enarratio:
1700 430 1805 484 quafi
1818 444 1917 471 vero

653 484 815 524 Charon
827 485 872 522 de
893 486 1153 523 monumentis
1166 485 1266 536 apud
1284 482 1427 522 inferos
1449 483 1540 522 nihil
1558 497 1725 536 unquam
1745 482 1920 524 inaudiis-

652 537 731 585 set3
755 538 795 577 δι
812 537 919 589 quasi
940 550 1087 576 naevus
1100 537 1154 576 est
1178 538 1216 575 in
1235 547 1312 576 tam
1326 536 1491 576 venusto
1508 536 1707 589 opusculo.
1731 538 1862 577 Suidas
1876 539 1919 579 δε

653 592 942 644 Harpocration
962 590 1115 636 docent,
1128 589 1210 640 ἰκρία
1225 590 1298 629 effe
1315 589 1484 642 sepulcra
1496 590 1650 629 humilia
1662 621 1673 638 ‚
1690 590 1731 630 δε
1746 593 1782 629 ἰη
1794 592 1919 643 »ρὶειῐιο

654 643 736 685 sita.
757 645 872 684 Extra
886 643 998 683 urbes
1009 642 1258 696 sepeliebant,
1272 644 1378 696 quod
1390 643 1554 683 Athenis
1566 643 1647 696 lege
1661 643 1814 683 Solonis
1826 657 1919 684 cau-

654 708 737 737 tum
749 709 842 737 erat.
853 696 1098 738 Confercum
1108 697 1181 742 his,
1191 709 1290 749 quae
1304 697 1427 737 Ἐκκλ.
1445 709 1476 735 c.
1493 710 1535 747 15
1549 696 1918 740 liabentur.SOLAN.

655 751 871 791 Lucianum
884 750 1013 789 testem
1027 750 1141 788 citant
1160 750 1313 789 Herald.
1327 750 1367 788 in
1383 749 1533 789 Salmas.
1544 749 1637 789 Obs.
1647 751 1694 789 ad
1713 750 1801 790 LA.
1815 752 1854 791 δι
1867 751 1918 791 R.
1967 759 1969 762 “

656 804 709 851 ΙΙ,
730 817 763 844 c.
785 804 850 853 1,§
871 817 881 841 i
895 818 928 854 5,
943 804 983 842 ὅ(
995 802 1144 842 Reines.
1158 803 1203 841 ad
1217 802 1333 842 Inscr.
1349 802 1516 848 CLVII,
1527 815 1563 841 n.
1577 803 1638 842 28.
1655 803 1754 854 Ἠρίοο
1768 818 1866 844 vero
1877 805 1937 844 &=

659 857 737 909 ἱερὰ
750 857 847 896 male
860 869 1140 908 nonnunquam
1155 857 1378 908 permutari,
1388 857 1439 895 H.
1450 856 1622 896 Valesius
1633 858 1809 896 indicavit
1823 859 1929 898 Not.·
1956 895 1962 899 ,

658 912 705 951 ad
722 912 914 964 Harpocr.
931 922 1016 963 pag.
1028 903 1204 961 88.⁰Opiac
1218 909 1383 949 similiter
1403 909 1443 949 δι
1466 907 1558 961 ἦρῷοι
1571 910 1807 950 violator-um
1823 908 1922 964 ἰτρίων

657 965 832 1019 pluribus
846 965 885 1002 in
899 964 992 1003 locis
1005 962 1133 1003 arceffi
1147 961 1250 1016 poss'e
1263 963 1353 1002 alias
1372 962 1627 1003 ostendemus.
1646 965 1808 1003 HEMST.

712 1021 788 1057 ead.
807 1019 831 1056 l.
855 1030 911 1067 15.
932 1019 1002 1069 sifi>
1015 1016 1085 1056 τῶν
1099 1016 1258 1069 πόλεων)
1275 1016 1411 1057 Κεξὲεε
1436 1029 1523 1055 nam
1538 1018 1627 1055 intra
1645 1033 1758 1056 muros
1771 1018 1922 1057 civitatis

658 1087 781 1125 corpus
785 1071 979 1124 sepulturae
993 1071 1067 1109 dari
1082 1085 1148 1108 nori
1162 1072 1286 1122 potest,
1307 1071 1364 1108 vel
1380 1070 1504 1121 ustrina
1523 1070 1623 1120 fieri,
1652 1071 1854 1112 utPaulus
1870 1073 1922 1111 ait

659 1126 725 1164 lib.
743 1125 758 1164 l
773 1125 881 1174 Sent„
893 1124 986 1163 Rec.
1001 1123 1050 1163 T.
1070 1123 1162 1162 XXI
1175 1153 1187 1169 ,
1209 1123 1225 1172 §
1243 1138 1276 1176 3.
1301 1123 1358 1162 Ex
1373 1123 1524 1162 Solonis
1546 1124 1734 1164 axonibus
1749 1127 1923 1165 manavit

660 1178 724 1217 lex
739 1179 812 1217 XII
829 1178 952 1217 Tabb.
967 1177 1149 1216 Hominem
1162 1190 1329 1217 mortuum
1350 1177 1385 1215 in
1400 1179 1478 1216 urbe
1489 1193 1528 1216 ne
1541 1177 1679 1229 sepelite
1688 1207 1702 1224 ,
1721 1194 1801 1217 neve
1819 1180 1920 1219 urito.

658 1230 762 1272 Vide
772 1231 849 1271 Th.
864 1231 1020 1270 Marcilii
1033 1231 1294 1282 Interpretam.
1308 1231 1348 1270 Sc
1362 1243 1462 1281 quos
1476 1231 1521 1269 ad
1532 1229 1711 1271 Ciceron.
1725 1232 1771 1272 de
1781 1232 1920 1281 LL.11,

661 1299 727 1339 23,
741 1285 922 1338 indicavit
934 1283 1075 1325 doetiff.
1087 1283 1281 1339 Davisius.
1303 1285 1466 1323 HEMST.

715 1339 752 1377 in
766 1338 881 1378 Schol.
894 1337 940 1375 Ὠ
958 1337 1151 1391 γεννάδα)
1168 1338 1210 1376 L.
1227 1336 1272 1374 Ὠ
1283 1336 1488 1390 γεννάὸοιι]
1509 1332 1536 1377 εἶ
1554 1337 1721 1391 γενναῖοι
1735 1339 1800 1378 καὶ
1815 1334 1923 1392 εὖγε-

661 1392 852 1432 νέστοιτοι.
878 1392 1036 1431 SOLAN.
1059 1391 1121 1431 Sic
1138 1392 1176 1429 in
1192 1390 1274 1442 ipso
1287 1391 1515 1440 Scholiasta,
1538 1405 1586 1432 ne
1599 1391 1739 1432 scilicet
1751 1393 1799 1432 ab
1813 1393 1924 1433 editis

662 1446 823 1486 Luciani
844 1445 1125 1498 exemplaribus
1146 1444 1372 1491 diffentiret‚
1391 1444 1606 1485 restitutum
1627 1447 1751 1486 iverat
1765 1447 1829 1486 vir
1851 1447 1922 1486 do-

663 1499 769 1539 ἃυεε
796 1512 871 1552 ego
885 1500 1014 1539 variae
1032 1498 1205 1539 leelionis
1218 1497 1417 1552 vestigium
1440 1499 1516 1539 hoc
1535 1500 1698 1540 retinere
1711 1499 1925 1541 consultius

661 1554 811 1606 putavi.
832 1554 995 1594 HEMST.
1087 1600 1109 1609 Ν

717 1607 808 1660 Pag.
825 1607 888 1645 61.
907 1607 930 1645 l.
947 1621 980 1646 2.
1003 1606 1046 1645 Τι’
1067 1608 1122 1646 οὐν
1138 1605 1260 1645 ἐκεῖνοι
1276 1618 1341 1646 στ.
1359 1605 1444 1646 τοὺς
1458 1604 1514 1659 λ.)
1535 1606 1660 1646 Multa
1674 1606 1712 1646 in
1725 1607 1824 1648 hanc
1841 1606 1924 1647 sen·

661 1661 821 1700 tentiam
839 1661 968 1700 dixere
990 1671 1150 1699 veteres.
1171 1660 1271 1700 Vide
1293 1659 1634 1712 Comparationem
1660 1661 1861 1701 Menandri
1881 1661 1922 1701 81

660 1714 914 1762 Philemonis,
935 1714 974 1753 &
997 1727 1096 1766 quae
1115 1713 1160 1752 ad
1186 1726 1269 1753 eain
1288 1714 1401 1754 habet
1423 1713 1524 1754 Dan.
1537 1713 1715 1755 Heinsius
1736 1715 1776 1755 in
1793 1715 1924 1756 Variis

662 1767 910 1807 Leffionibus
923 1766 1199 1819 Rutgersianis.
1222 1767 1349 1807 Cim.

717 1821 795 1861 ibid.
807 1820 1058 1872 Στεφανοῦο-ι)
1074 1821 1199 1860 Huius
1213 1822 1331 1860 moris
1342 1821 1513 1860 meminit
1523 1821 1660 1862 iterum
1673 1821 1794 1874 Ἀλεξ.
1806 1835 1841 1862 c.
1856 1836 1922 1876 30,

661 1873 785 1913 Ἐκκλ.
805 1887 838 1913 c.
855 1888 921 1921 12,
936 1875 977 1914 δι
991 1874 1135 1913 Athen.
1154 1874 1248 1923 XV,
1263 1888 1299 1927 p.
1313 1876 1389 1927 679
1401 1874 1454 1914 D.
1477 1888 1642 1927 eamque
1662 1889 1847 1919 coronam
1866 1877 1923 1916 di·

660 1926 759 1967 &am
775 1927 883 1967 fuiffe
896 1927 1012 1968 πόθον.
1027 1928 1183 1968 SOLAN.
1195 1927 1426 1982 Appositum
1440 1928 1493 1968 est
1506 1929 1622 1968 Anth.
1636 1928 1686 1977 11,
1705 1943 1737 1970 c.
1752 1944 1818 1979 47,
1834 1930 1922 1984 Epi-

661 1994 834 2033 gramma
855 1982 1033 2021 tertium:
1057 1981 1113 2020 mh
1131 1981 1252 2032 μύρα,
1272 1983 1323 2032 μὴ
1347 1982 1549 2029 στεφάνους
1574 1982 1724 2023 λιθίναις
1743 1981 1937 2025 orfimas
1961 1984 1962 1987 ’

661 2035 838 2087 χαρίζου,
861 2035 965 2075 Mus&
988 2038 1032 2074 τὶ)
1055 2034 1128 2086 πῦρ
1149 2035 1302 2087 φλὲξῇς·
1324 2035 1374 2075 εἰς
1391 2038 1485 2075 κενὸν
1504 2034 1523 2077 ᾖ
1545 2035 1719 2076 δαπάνη.
1743 2037 1799 2076 lbi
1823 2038 1923 2077 Bro-

663 2089 804 2137 daeus,
827 2089 947 2129 homo
967 2088 1034 2129 sua
1046 2099 1170 2129 aetate
1191 2088 1232 2128 δι
1252 2089 1454 2142 ρθτάοξὶυε
1473 2089 1513 2129 &
1535 2089 1719 2142 plurimae
1730 2084 1922 2138 leffioni's,

661 2142 764 2183 hunc
776 2156 865 2196 prae
875 2144 1011 2182 ceteris
1021 2143 1203 2183 eximium
1215 2143 1369 2182 Luciani
1382 2143 1511 2182 locum
1523 2142 1720 2197 adscripsit.
1735 2144 1936 2186 Stratonis?

660 2196 902 2249 Epigramma
915 2196 1114 2250 septimum
1130 2196 1285 2249 parilem
1300 2197 1412 2236 habet
1426 2196 1670 2237 sententiam:
1691 2197 1761 2236 Καὶ
1785 2198 1935 2245 cue&-
1953 2232 1960 2239 .

664 2265 736 2290 νοις
754 2252 921 2298 κεφαλὰς
934 2250 1208 2300 πυκασώμεθοι,
1220 2251 1283 2289 καὶ
1294 2251 1501 2302 μυρίσωμεν
1514 2247 1664 2298 Αὑτοὺς,
1673 2251 1757 2302 ’πρὶν
1767 2250 1939 2302 τύμβοις.

661 2301 794 2343 ’ταῦτα
808 2304 925 2356 φέρειν
949 2303 1103 2356 ἑτέρους.
1124 2303 1195 2343 Sed
1211 2303 1271 2342 hic
1284 2304 1485 2344 columnas
1503 2299 1726 2356 sepulcrales
1741 2304 1782 2344 δι
1797 2317 1935 2346 πωπω

659 2358 721 2397 los
743 2358 905 2396 ornandi
931 2358 1214 2410 venerandique
1232 2371 1316 2397 mos
1337 2358 1477 2398 dudum
1496 2371 1590 2398 cura
1606 2359 1780 2398 virorum
1798 2359 1924 2399 erudi·
1957 2370 1965 2379 ⁸

661 2423 793 2451 torum
809 2410 860 2450 est
874 2412 1137 2464 pervulgatus.
1164 2413 1198 2451 Ν
1202 2410 1292 2451 ostri
1307 2425 1467 2464 quoque
1490 2413 1658 2451 meminit
1676 2412 1863 2452 Heraldus
1874 2409 1935 2453 ad'

659 2464 826 2503 Martial.
842 2465 898 2512 X,
911 2465 955 2503 61
972 2480 983 2513 3
1000 2466 1040 2505 δι
1054 2466 1139 2516 quis
1154 2478 1232 2504 non
1245 2478 1380 2504 eorum
1394 2495 1406 2511 ,
1421 2466 1490 2519 qui
1503 2466 1598 2505 hanc
1614 2465 1808 2506 funebrem
1823 2466 1930 2506 anti-'

659 2518 817 2571 quitatis
831 2530 975 2572 partem
987 2518 1244 2560 illustrarunt?
1258 2519 1513 2573 Theophrasti
1523 2520 1652 2561 locum
1664 2520 1709 2560 de
1719 2520 1817 2572 πόθῳ
1829 2532 1934 2575 ριόε’
