2015 3490
643 277 731 325 554
828 258 1710 308 ANNOTATIONES

637 350 718 389 hist.
734 349 806 390 Sed
819 360 863 390 ut
875 362 977 389 nunc
990 348 1055 401 ῥὶν,
1069 349 1119 388 ita
1132 349 1244 389 etiam
1258 348 1390 402 πιῗχυς
1404 349 1444 388 in
1457 349 1631 389 Luciano
1643 349 1767 390 iisdem
1781 349 1900 391 risum

636 403 817 456 praebere
831 404 970 443 debuit.
996 403 1094 442 Nam
1111 403 1149 441 in
1165 403 1318 456 dialogo
1334 403 1493 442 Veneris
1507 403 1548 442 δι
1562 403 1762 455 Cupidinis
1773 434 1785 450 ‚
1809 417 1902 444 cum

638 456 815 497 scriberet
825 470 873 496 ex
882 457 1045 496 Veneris
1051 469 1120 495 ore
1131 457 1335 504 Luciams,
1346 456 1379 497 οἱ
1386 456 1603 507 Κορύβαντες
1611 456 1670 505 Σὲ,
1679 456 1694 494 ὃ
1703 456 1770 506 μὲν
1777 454 1903 496 αὐτῶν

639 512 818 560 τέμνεται
835 510 927 562 ξίφει
941 513 1003 548 τὸν
1021 508 1168 561 πῆχυν,
1190 510 1321 549 Latine
1335 508 1429 549 dixit
1447 508 1622 549 Erasmus
1634 540 1646 556 ,
1673 511 1902 562 Corybantum

641 564 732 602 alius
739 564 842 614 suum
853 564 920 615 ipse
928 578 1042 616 penem
1054 563 1277 614 enserdeficat.
1300 562 1526 602 BenediRus
1540 564 1670 602 eadem
1680 591 1692 608 ‚
1713 562 1901 616 nissquod

641 617 782 669 reftcat,
797 627 839 656 ut
852 627 1011 670 apparet
1025 629 1074 655 ex
1088 615 1330 656 Salmurienfi
1350 615 1390 655 δι
1406 617 1475 655 hac
1491 616 1671 656 editione.
1697 616 1810 656 Adeo
1831 617 1904 656 illis

641 670 811 709 obhaesit
827 671 986 710 vexatio
1000 669 1132 709 Attios
1142 701 1152 717 ,
1166 681 1208 709 ut
1220 669 1404 709 Deliacos
1421 668 1576 709 fecerint
1589 682 1750 722 quoque
1769 669 1904 721 Cory-

641 725 785 765 bantas.
798 724 861 763 An
875 722 996 762 miseri
1007 723 1088 762 non
1101 723 1400 763 recordabantur
1414 722 1604 762 Prudentii
1617 723 1662 762 de
1675 722 1809 762 eodem
1821 722 1905 762 col·

641 776 768 829 legio?
787 779 937 816 Cultrum
951 777 986 815 in
1005 776 1144 816 lacertos
1155 776 1276 828 exserit
1285 775 1466 827 fanaticus
1479 775 1642 829 SeHifiJue
1659 777 1807 815 Matrem
1825 778 1904 814 bra-

642 832 727 871 chiis
738 831 856 883 placat
868 831 995 869 Derim.
1011 830 1231 883 Eademque
1242 830 1342 882 apud
1355 829 1460 869 alios.
1476 829 1592 869 Certe
1604 830 1679 868 hoc
1688 841 1838 882 tempus
1850 841 1906 868 ta·

641 884 690 923 lia
705 897 784 923 non
796 885 951 930 decent3
973 882 1250 924 &laudabilius
1269 882 1436 924 feciffent
1451 883 1595 922 cubitum
1616 883 1831 936 simpliciter
1848 883 1905 921 in·-

641 948 906 991 terpretantes.
931 935 1074 976 GRON.

697 995 771 1029 ead.
782 992 804 1030 l.
817 1005 831 1029 1
844 1005 876 1030 1.
889 990 944 1029 Ἐς
957 992 1031 1029 τὰς
1047 989 1329 1043 meo-roniarssn
1343 989 1544 1041 lapicidinas
1558 989 1806 1042 Dionysiacas.
1821 989 1907 1028 Me·-

644 1045 756 1084 minit
774 1045 888 1085 huius
901 1044 1060 1083 carceris
1075 1043 1228 1096 insignis
1240 1056 1263 1082 a
1277 1043 1474 1095 Dionysio
1490 1042 1671 1083 exstructi
1685 1042 1765 1083 Cic.
1778 1042 1865 1083 Aa.
1879 1056 1906 1091 7

643 1099 682 1137 in
705 1099 817 1137 Verr.
833 1098 953 1137 Plaut.
968 1097 1008 1135 in
1032 1096 1144 1150 Capt.
1169 1097 1209 1136 &
1221 1097 1304 1137 Liv.
1328 1096 1474 1137 COGN.
1492 1098 1569 1136 Τὲις
1581 1099 1771 1136 Διονυσίου
1791 1107 1907 1134 λατο-

642 1152 735 1202 μίαις
746 1151 833 1191 dicit
843 1151 986 1191 Athen.
997 1163 1029 1189 c.
1043 1165 1082 1203 3,
1094 1151 1156 1190 lib.
1173 1165 1187 1188 1
1196 1179 1204 1189 .
1217 1151 1300 1191 Iun.
1314 1150 1354 1189 in
1365 1151 1488 1203 Adag.
1500 1150 1626 1189 Turn.
1640 1163 1672 1190 c.
1692 1151 1752 1197 16,
1762 1150 1826 1188 lib.
1840 1163 1906 1196 22,

643 1205 848 1245 lautumias
861 1205 946 1244 vult
962 1204 1048 1256 legi.
1071 1204 1159 1244 dico
1179 1204 1275 1244 alibi.
1292 1205 1464 1244 BOURD.
1485 1203 1693 1243 Historiam
1707 1202 1908 1242 Philoxeni

644 1258 804 1311 respicit,
820 1259 866 1297 de
878 1270 953 1311 qua
969 1256 1086 1296 fufius
1099 1257 1253 1298 Ἀποιιδῖ.
1266 1271 1299 1298 c.
1317 1272 1374 1310 15.
1388 1258 1546 1297 SOLAN.
1559 1257 1754 1297 Philoxeni
1768 1267 1910 1296 contu·-

646 1313 808 1352 bernalis
821 1311 986 1357 futurus,
999 1310 1373 1363 versiculos-tyranni
1384 1311 1537 1351 laudare
1549 1309 1765 1350 recusantis.
1781 1309 1911 1351 GtsN.

647 1365 892 1418 Syracusanas
903 1366 1057 1417 Dionysi
1070 1365 1211 1418 tyranni
1224 1366 1398 1410 latomias,
1419 1365 1616 1404 Philoxeni
1631 1366 1771 1416 poetae
1785 1376 1910 1403 exem·-

646 1421 725 1471 plo.
741 1420 846 1458 Brod.
857 1418 965 1458 Misc.
980 1418 1047 1465 IX,
1069 1432 1111 1471 ¹3
1127 1418 1152 1461 f,
1174 1418 1272 1459 Ecce
1287 1418 1427 1467 rursus,
1439 1431 1555 1472 quam
1570 1419 1706 1457 malam
1719 1417 1908 1458 Graecam

647 1473 850 1513 lectionem
872 1471 1113 1525 exprefferit:
1142 1485 1228 1511 nam
1253 1473 1345 1512 haec
1363 1472 1454 1512 vitia
1476 1472 1715 1525 typothetica
1735 1483 1823 1510 non⁴
1837 1469 1913 1510 effe

649 1528 782 1573 credo,
794 1527 886 1579 quia
899 1526 939 1566 &
950 1526 1036 1564 alibi
1049 1526 1225 1566 Διονύσου
1238 1526 1336 1565 male
1347 1539 1418 1579 pro
1434 1525 1619 1565 Διονυσίου
1637 1524 1850 1577 legebatur,
1867 1535 1912 1564 ut

648 1581 759 1632 supra
780 1581 852 1628 iam
875 1581 1023 1619 monuit
1046 1579 1137 1620 lens.
1158 1580 1232 1620 Hic
1246 1592 1342 1619 vero
1355 1580 1503 1632 ubique
1515 1592 1608 1619 vera
1623 1579 1736 1619 lectio
1748 1588 1828 1617 erat
1842 1590 1912 1617 ex-

650 1633 781 1688 preffa.
792 1634 862 1674 Sed
872 1633 965 1673 alius
973 1632 1026 1672 est
1033 1633 1229 1686 Dionysius
1236 1644 1441 1684 tyrannus,
1452 1632 1546 1672 alius
1557 1631 1726 1672 Διόνυσος
1736 1631 1912 1679 Bacchus,

649 1688 712 1728 vel
729 1688 845 1727 herus
859 1688 920 1727 ille
931 1687 1134 1733 Xanthiae,
1145 1687 1189 1726 de
1205 1700 1284 1740 quo
1297 1686 1388 1727 lens.
1405 1687 1450 1726 ad
1465 1687 1533 1725 vit.
1550 1685 1648 1726 au&
1665 1698 1699 1725 c.
1712 1685 1746 1725 6.
1761 1684 1912 1725 ΚΕΗ-Ζ.

704 1741 796 1793 Pag.
812 1741 900 1781 260.
912 1742 935 1780 l.
948 1755 981 1779 2.
997 1739 1147 1782 Μισῧοῦ
1159 1739 1505 1792 υποτελεῖς),(ἶοηέ.
1516 1739 1629 1793 supra
1638 1752 1670 1779 c.
1683 1752 1741 1778 to.
1752 1738 1911 1778 SOLAN.

705 1797 778 1834 ead.
794 1796 816 1833 l.
830 1809 866 1848 9.
880 1794 1153 1847 Κοσμούμενοιι)
1171 1793 1242 1833 Ms.
1257 1794 1525 1844 κομμούμεναι,
1545 1793 1664 1841 male3
1679 1805 1767 1831 nam
1782 1791 1908 1845 sequi-

651 1859 716 1889 tur
730 1850 801 1887 τὰς
815 1848 934 1898 κόμαις
945 1851 1269 1899 περιπλεκόμεναι·
1281 1846 1450 1900 effetque
1460 1847 1519 1886 sir
1529 1851 1572 1886 τὸ
1587 1844 1691 1886 αὐτὸ.
1710 1847 1882 1886 BOURD.

706 1905 780 1941 ead.
801 1903 826 1941 l.
845 1916 860 1941 1
870 1917 902 1941 2.
923 1900 961 1940 ‘H
977 1901 1092 1954 ἅβραι)
1112 1902 1266 1940 Ancilla.
1281 1901 1341 1941 Sic
1355 1903 1488 1941 Dromo
1503 1901 1545 1941 δι
1558 1900 1737 1939 Xanthias
1750 1912 1822 1953 pro
1836 1898 1911 1940 ser-

652 1956 713 1995 vis
724 1955 966 2008 usurpantur.
976 1956 1115 1995 BRon.
1128 1957 1248 1994 Serva.
1262 1954 1430 2006 Hesych.
1443 1955 1555 2005 ἅβραι,
1568 1953 1700 1999 sozimi,
1711 1950 1911 1995 παλλακίι.

652 2009 808 2055 Βίξίἰο,
831 2022 930 2062 quae
945 2008 1054 2061 saepe
1066 2009 1340 2062 corrumpitur,
1354 2019 1395 2048 ut
1407 2008 1530 2048 doceo
1543 2007 1640 2047 alibi.
1662 2007 1834 2046 BOURD.

707 2066 779 2103 ead.
789 2062 812 2101 l.
830 2064 887 2103 16.
900 2061 1175 2115 Παναθηναίων)
1192 2062 1302 2114 Quid
1311 2062 1462 2102 Romae
1473 2062 1744 2100 Panathenaea?
1753 2060 1913 2100 SOLAh'l.

707 2120 780 2156 ead.
793 2117 817 2154 l.
833 2131 891 2166 17.
910 2115 1151 2167 Ἐφεστρίέιον
1165 2115 1306 2169 ἄθλιον)
1329 2116 1474 2155 Dixere
1495 2114 1607 2155 Perfii
1627 2116 1852 2166 interpretes
1866 2113 1914 2153 ad

653 2170 746 2210 illud
758 2202 767 2217 ‚
789 2171 866 2209 Scis
883 2170 1032 2209 comitem
1050 2170 1254 2209 horridulum
1274 2170 1352 2208 trita
1366 2171 1488 2209 donare
1501 2170 1644 2209 lacerna.
1660 2167 1731 2206 Ml:
1748 2167 1845 2220 Reg.
1864 2167 1913 2206 ad

654 2225 757 2263 hunc
770 2224 899 2263 locum
910 2221 1084 2274 μοινὲὑοιν
1096 2225 1179 2263 τινὰ
1192 2220 1339 2273 ἄμεινον
1352 2222 1397 2262 ἑὲ
1409 2222 1632 2275 κεκρύφαλον
1645 2221 1740 2261 νοεῖν.
1752 2221 1823 2274 leg.
1838 2220 1915 2260 Ca-

653 2278 756 2317 saub.
767 2276 831 2317 fin.
846 2278 908 2316 lib.
923 2277 946 2316 6
959 2276 1086 2316 Anim.
1101 2277 1146 2316 ad
1155 2277 1298 2316 Athen.
1312 2275 1481 2328 Hesych.
1497 2277 1537 2317 &
1547 2276 1647 2316 Suid.
1659 2274 1782 2314 verbo
1795 2273 1915 2327 χειρό-

651 2346 830 2383 μακτρον.
850 2331 1022 2370 Bonan.
1048 2330 1319 2384 Interpretatur
1343 2330 1518 2370 Erasmus
1546 2327 1769 2380 {Qec-rpiseov
1789 2328 1915 2366 umbel-

653 2386 736 2431 lam,
748 2397 792 2424 ut
804 2383 968 2424 umbella
981 2384 1133 2425 Graece
1145 2384 1262 2434 σκῖρον
1274 2384 1422 2423 dicitur.
1435 2384 1616 2423 Debebat
1628 2382 1914 2435 ver-tereamicu-

655 2439 740 2484 lum,
749 2440 946 2490 paenulam,
957 2438 1022 2477 vel
1034 2438 1108 2476 tale
1119 2439 1223 2490 quid.
1242 2437 1375 2477 PALM.

712 2492 800 2544 Pag.
820 2492 904 2531 261.
922 2492 945 2530 l.
959 2506 993 2530 2.
1016 2492 1083 2530 Καὶ
1098 2491 1113 2530 ὃ
1126 2491 1194 2540 μὲν
1205 2490 1367 2542 πρῶτος)
1383 2490 1522 2530 Nullus
1534 2489 1688 2537 dubito,
1707 2501 1755 2528 ex
1774 2487 1913 2528 eodem

657 2544 802 2586 Codice
822 2544 1081 2600 refingendum
1097 2544 1185 2592 effe,
1200 2543 1290 2585 καὶὸ
1304 2544 1373 2596 μὲν
1391 2543 1536 2598 πρῶτος
1549 2541 1662 2591 εὐθὺς,
1681 2542 1917 2586 {recusam}
1940 2567 1957 2577 ·-
2012 2551 2015 2571 ἱ
