2015 3490
263 218 345 263 IN
395 216 1142 264 CONTEMPLANTES.
1243 229 1330 282 395

74 301 235 344 storicus
249 305 386 358 aliquis
401 305 573 347 Graecus
585 318 605 344 a
615 305 836 357 Theophilo
852 304 1058 358 descriptus
1070 306 1222 357 Cyrum
1235 307 1338 346 dixe-

74 358 122 397 rit
134 357 372 398 interfectum
387 360 422 398 ἑν
440 373 543 411 μισ-’γ
552 360 706 412 αγιείᾳ·
726 359 840 398 huius
857 370 984 398 autem
1001 360 1259 406 coniecturae,
1271 360 1336 400 cui

75 423 124 450 ne
139 424 160 450 a
175 424 236 450 me
253 413 405 464 quidem
425 413 506 465 ipso
521 412 724 464 plurimum
744 412 938 460 tribuitur,
953 413 1150 451 arbitrium
1169 414 1250 452 esto
1269 426 1336 465 pe-

73 476 140 504 nes
152 464 347 504 lenorem.
373 466 495 506 Porro
512 466 645 505 menda
665 478 742 505 non
758 465 935 505 dissimilis
955 461 993 504 in
1008 466 1158 518 reginae
1177 469 1336 506 nomine

75 518 179 576 apud
191 518 316 558 Schol.
332 519 452 558 Dion.
468 518 607 570 Chrys.
625 534 660 571 p.
681 521 767 567 106,
779 520 843 558 τὴν
860 518 968 571 Κύρου
989 514 1061 558 ὑπὸ
1074 519 1137 558 τῆς
1158 520 1335 571 Μοὺριὲος

75 585 140 611 της
158 572 460 626 Μασθαγέτιὲος
477 572 628 626 σφαγὴν
650 572 665 610 ὃ
681 570 794 610 αὐτὸς
807 572 992 624 Ἡρόἓοτος
1006 573 1225 626 ἀναγράφει.
1253 575 1337 613 Me-

75 624 184 662 minit
198 626 309 665 etiam
336 627 567 676 Hieronym.
585 627 630 664 ad
647 625 801 665 Zachar.
817 638 850 665 c.
875 639 888 663 1
904 640 913 664 :
940 626 1111 676 Interfeflo
1127 627 1230 679 igitur
1241 629 1341 679 apud

76 677 290 731 Maffizgetas
302 681 402 732 Cyro,
417 681 473 733 qui
485 680 623 732 triginta
636 695 745 719 annos
758 692 952 732 regnaverat
965 680 998 717 ἱη
1012 680 1135 731 Persis,
1154 696 1176 718 a
1194 681 1336 732 Tomyri

77 733 190 784 regina
204 734 488 785 Mqffagetarum.
503 733 623 784 Saepe
638 746 733 772 vero
749 734 979 772 recentiores
992 733 1154 772 historici
1172 733 1337 772 confun-

75 784 168 823 dunt
187 787 278 825 duas
299 788 559 840 expeditiones
570 786 672 838 Cyri
685 786 871 834 diversas,
892 787 1050 839 primam
1072 797 1207 826 contra
1221 787 1336 826 Sacas

72 836 294 891 susceptam,
306 839 505 880 secundam
518 839 696 880 adversus
707 840 930 893 Massagetas
943 840 1204 892 &Tomyrin‚
1216 853 1333 892 quae-

43 898 47 903 '
74 904 153 943 que
167 893 457 946 asuperioribus
471 895 516 933 de
530 894 710 933 alterutra
718 893 865 934 fuerant
876 895 1083 933 memoriae
1096 894 1268 932 mandata
1281 895 1336 933 in-

73 954 132 984 ter
150 944 184 985 se
196 947 417 999 permiscent
427 963 438 995 ·,
450 947 544 987 ficut
562 947 660 987 facili
672 949 828 1001 negotio
841 948 966 987 licebit
978 948 1292 994 animadvertere,
1305 947 1336 987 fi

73 999 159 1050 quis
173 1012 382 1054 componat
397 1001 516 1040 Strab.
532 1002 600 1047 XI,
617 1001 951 1054 p.780,Polyaen.
963 1001 1072 1047 VIII,
1089 1000 1337 1047 28,Frontin.

72 1051 279 1102 Iustinum,
302 1055 431 1094 Amm.
446 1055 711 1095 Marcellinum
725 1086 738 1101 ,
758 1067 873 1107 atque
888 1056 994 1094 alios.
1018 1054 1115 1094 Illud
1128 1055 1335 1094 enimvero

72 1106 138 1144 vel
150 1107 322 1160 inprimis
335 1109 623 1148 admirationem
634 1108 748 1148 habet
760 1122 836 1148 non
852 1109 1098 1153 mediocrem,
1111 1109 1217 1161 quod
1231 1121 1335 1147 mor-

71 1159 122 1200 tis
142 1173 284 1212 genus,
304 1175 385 1214 quo
400 1173 530 1202 tantus
550 1175 617 1202 rex
629 1172 767 1214 totque
779 1162 1013 1215 populorum
1030 1163 1156 1202 vietor
1172 1162 1311 1201 obierit
1323 1190 1337 1210 ,

71 1212 112 1252 in
131 1215 296 1255 obscuro
309 1216 444 1258 lateat:
469 1217 672 1269 praecipue
692 1229 779 1255 cum
801 1218 882 1255 eius
901 1226 1002 1255 aetas
1018 1217 1055 1254 in
1079 1216 1144 1254 issa
1166 1216 1337 1256 inciderit

71 1270 492 1322 tempora‚quibusiam
505 1269 645 1310 Graeci
658 1270 882 1309 florentibus
898 1270 1052 1321 ingeniis
1069 1269 1249 1309 scribendi
1263 1270 1336 1309 stu·

70 1321 173 1360 dium
190 1322 497 1375 frequentabant,
514 1324 553 1363 δι
566 1323 679 1364 Asiae
698 1325 809 1363 rebus
825 1324 995 1376 quotidie
1010 1325 1126 1375 magis
1142 1324 1334 1376 magisque

70 1374 392 1416 immiscebantur.
408 1378 540 1429 Longe
556 1377 781 1417 discedentes
796 1378 834 1416 iu
852 1379 926 1417 hoc
940 1377 1028 1416 casu
1043 1377 1206 1417 mirifico
1220 1389 1336 1416 vete-

70 1440 162 1467 rum
176 1432 413 1471 narrationes
432 1432 634 1470 annotavit
651 1430 709 1470 Io.
723 1431 770 1469 A.
787 1430 921 1470 Bofius
934 1431 979 1470 ad
995 1431 1116 1471 Corn.
1129 1431 1272 1483 Nepot.
1286 1432 1333 1470 de

71 1471 169 1534 Reg.
187 1497 218 1524 c.
243 1498 272 1523 1.
295 1484 377 1524 Cur
396 1484 534 1524 Noster
553 1485 742 1524 Herodoti
758 1484 870 1523 fidem
893 1484 1124 1537 poti‘ffimum
1145 1484 1260 1523 fuerit
1277 1484 1334 1524 se-

70 1547 205 1586 cutus,
225 1539 325 1578 ratio
338 1538 390 1578 est
406 1540 444 1577 in
463 1547 641 1591 promtu:
668 1539 849 1578 nimirum
869 1538 1064 1590 singularis
1077 1539 1136 1577 illa
1154 1537 1335 1578 fortunae

70 1590 313 1640 viciffitud0‚
338 1592 494 1644 Cyrum
516 1593 630 1638 etiam
654 1592 777 1631 multo
796 1592 974 1644 gravius,
988 1605 1102 1644 quam
1119 1591 1304 1631 Croesum
1319 1622 1335 1638 ,

71 1644 333 1696 prosternens,
354 1647 403 1685 ad
418 1646 514 1685 hanc
535 1646 766 1699 ingeniosam
788 1645 998 1698 fragilitatis
1011 1646 1198 1685 humanae
1214 1646 1335 1697 piciu-

69 1709 154 1736 ram
170 1700 315 1751 optime
332 1699 605 1740 conveniebat:
633 1701 812 1752 quamvis
825 1700 970 1752 alioqui
985 1699 1029 1738 de
1045 1700 1217 1740 historiae
1232 1700 1335 1739 veri-

68 1760 148 1790 tate
166 1751 373 1792 secundum
392 1754 690 1806 Xenophontem
711 1754 852 1793 dederit
875 1754 1064 1806 Humphr.
1084 1753 1269 1792 Prideaux
1284 1754 1333 1793 ad

69 1804 122 1844 A.
138 1817 225 1846 ante
241 1806 314 1846 Ch.
330 1807 379 1846 N.
401 1821 494 1859 530;
508 1808 575 1846 ubi
593 1808 745 1860 egregia
763 1806 904 1847 dofflff.
928 1807 1188 1860 Driebergius.
1217 1807 1333 1847 Dice-

69 1871 155 1898 mus
169 1861 215 1899 ad
231 1861 465 1900 Macrobios.
493 1862 657 1901 HEMST.

122 1916 196 1953 ead.
218 1915 242 1953 l.
263 1914 298 1953 8.
313 1915 366 1953 Ἐς
380 1915 512 1967 ἀσκὸν)
529 1914 656 1954 lustin.
670 1915 687 1954 I
700 1946 711 1963 ,
724 1915 761 1954 8.
783 1914 940 1954 SOLAN.

120 1970 193 2006 ead.
210 1969 232 2006 l.
253 1982 310 2007 12.
324 1968 567 2008 Ἀποκτείνοις
583 1966 779 2021 τὸνἌφι-ιν)
794 1968 922 2008 lustin.
947 1967 983 2016 I,
1009 1983 1044 2021 9.
1065 1968 1222 2008 SOLAN.

119 2022 296 2070 ead.l.14.
307 2020 657 2075 Ὓπερφρονοῦντας)
669 2023 744 2061 Vel
753 2023 1024 2075 Xenophontis
1035 2024 1074 2061 in
1085 2024 1242 2074 gratiam
1254 2023 1332 2061 exi-

67 2075 227 2113 mendus
240 2086 323 2123 erat
334 2088 382 2115 ex
397 2075 474 2115 hoc
489 2089 652 2116 numero
665 2075 797 2127 Cyrus
809 2107 822 2122 ‚
841 2089 958 2129 quem
975 2075 1163 2128 ἀνθρώπων
1177 2078 1329 2127 πωτέρω

67 2126 174 2168 fuisse
188 2126 488 2169 di&um'ferunt:
512 2129 667 2169 Pausan.
684 2131 802 2178 VIII,
824 2145 860 2182 p.
877 2131 964 2182 690.
986 2130 1213 2182 Exemplum
1235 2131 1328 2169 boni

20 2217 23 2221 .
67 2181 263 2234 civilisque
275 2195 352 2222 non
363 2183 502 2229 minus,
516 2197 630 2235 quam
644 2183 798 2230 strenui,
813 2184 909 2235 regis
922 2183 1052 2236 paffim
1062 2185 1162 2236 apud
1177 2196 1329 2223 veteres

68 2237 317 2288 proponitur.
337 2237 443 2275 Plato
458 2238 503 2276 de
515 2237 670 2285 LL.111‚
685 2251 720 2290 p.
735 2237 779 2276 81
794 2251 824 2290 5.
847 2239 1010 2276 HEMST.

123 2293 196 2328 ead.
210 2291 234 2328 l.
254 2304 310 2340 17.
330 2291 535 2345 Πορφυρᾶν)
561 2293 747 2344 Πορφυρὲιν
769 2303 881 2330 antea
900 2291 1081 2344 scriptum
1097 2301 1196 2337 erat,
1221 2301 1265 2330 ut
1286 2291 1328 2330 δι

69 2339 224 2382 ’Aveia
242 2356 275 2382 c.
288 2357 324 2394 7.
346 2343 503 2383 SOLAN.

120 2397 203 2436 ibid.
228 2397 464 2451 Ἐφεστρίὲα.)
480 2397 520 2437 Ὁ
535 2397 600 2438 τὴν
620 2399 804 2452 πορφυρᾶν
826 2398 969 2439 ἐσθῆτα
990 2398 1325 2450 ἐμπεπορπημένος·

66 2448 280 2502 legendum.
303 2450 476 2491 GRAEV.

121 2503 213 2558 Pag.
235 2517 293 2558 5¹·
306 2505 332 2543 l.
352 2519 382 2544 1.
399 2505 438 2545 ‘O
452 2508 494 2545 τὸ
507 2504 703 2560 basma)
715 2505 867 2556 Scribe,
883 2502 911 2557 ᾇῖ
920 2507 962 2546 τὶ
978 2505 1172 2559 Stoi-elwa.
1190 2506 1330 2545 BROD.
