2015 3490
318 284 419 330 IN
485 282 1154 333 APOLOGIAM.
1272 289 1356 353 565

89 382 223 429 pretor
238 372 340 420 alibi,
357 384 402 412 ut
424 373 462 412 δι
481 373 701 427 sequentem
717 374 912 426 κουράλια.
931 376 1105 416 Boum).
1121 379 1176 416 Τὲι
1191 379 1363 432 ‹rsty-yla

90 427 158 466 καὶ
171 428 224 466 τὰ,
238 427 438 480 κουρὰλιοι)
454 428 562 467 Haec
574 429 705 466 ultima
719 442 799 468 vox
812 431 988 481 κουράλια,
1006 443 1085 470 non
1102 431 1193 469 mihi
1209 432 1363 472 videtur

90 479 193 527 sana,
209 481 248 520 δι
263 480 378 520 credo
392 491 617 533 corruptam
639 480 744 520 fuisse
757 483 804 520 ab
821 483 886 531 iis,
908 484 974 535 qui
987 486 1158 538 σφιγγία
1172 478 1364 525 intellexe-

91 546 181 574 runt
193 534 360 573 armillas
371 534 435 573 vel
447 535 607 573 collaria
619 564 629 580 ,
652 534 757 586 quasi
771 536 847 574 ἀπὶ
864 536 929 574 τοῦ
951 538 1129 591 σφίγγειν
1144 538 1286 577 ἀίἕὶυηῑ
1305 539 1364 579 fo-

73 598 149 627 -ret
161 590 352 641 σφιγγίον,
364 600 482 627 omne
501 588 537 626 id
548 617 562 634 ‚
574 590 679 640 quod
702 590 837 640 premit
851 601 920 628 aut
940 589 1084 643 stringit
1098 592 1261 644 aliquam
1278 606 1366 633 cor-

91 642 197 694 poris
219 651 381 695 partem.
406 642 458 680 At
482 653 557 693 ego
578 654 657 680 non
680 641 830 694 possum
857 643 906 683 s1c
938 644 1145 698 intelligere
1169 647 1364 699 σφιγγίον.

90 695 192 735 Nam
206 707 277 734 nec
291 694 430 735 Graeci
444 694 532 743 viri,
547 708 617 734 nec
632 695 816 744 Romani,
828 696 982 736 collaria
996 711 1109 738 aurea
1122 699 1185 738 vel
1201 700 1366 740 armillas

91 748 298 802 gestabant.
312 749 542 788 Barbaricus
555 762 640 788 mos
653 761 734 789 erat
746 749 911 803 gestandi
925 751 1014 790 talia
1030 754 1365 803 καλλωπίσματα,

91 803 135 842 δι
150 802 238 842 ideo
252 802 375 842 dietus
389 801 443 842 est
456 803 682 855 Torquatus
694 804 861 843 Manlius
873 804 933 843 ille
946 805 1147 845 Romanus
1159 836 1168 852 ,
1187 819 1236 846 eo
1257 808 1365 860 quod

90 856 254 897 redierat
279 869 300 895 a
324 856 596 896 monomachia
617 869 707 895 cum
730 856 847 897 Gallo
875 867 1016 911 torque
1037 873 1156 899 aureo
1185 859 1335 912 insignis
1353 893 1365 910 ,

91 923 210 963 quem
231 910 447 949 detraxerat
470 909 593 956 hosti,
617 910 658 950 &
682 923 731 950 eo
751 909 877 964 spolio
899 912 1147 964 gloriabatur,
1167 926 1255 953 cum
1280 928 1366 955 mos

93 976 176 1004 non
190 963 279 1004 esset
292 963 480 1004 Romanis
492 973 654 1018 torques
669 965 851 1017 gestandi,
864 967 969 1018 quod
982 967 1019 1005 in
1031 980 1080 1007 eo
1095 978 1177 1006 erat
1191 980 1366 1008 extraor-

94 1018 285 1058 dinarium
302 1018 344 1058 &
358 1017 543 1069 ἐξαίρετόν
555 1031 605 1058 τι·
620 1031 707 1057 nam
723 1018 749 1057 fi
764 1019 891 1071 plures
907 1020 1076 1059 Romani
1096 1020 1195 1060 soliti
1209 1020 1366 1062 fuiffent

93 1072 183 1111 talia
198 1083 423 1111 ornamenta
437 1071 601 1124 gestare,
617 1085 695 1111 non
715 1071 840 1112 fuiffet
862 1070 959 1113 ratio
981 1087 1070 1114 eum
1089 1076 1139 1114 ita
1161 1077 1368 1127 cognomi-

95 1126 209 1165 nandi
221 1138 271 1165 ex
288 1138 328 1165 re
340 1125 447 1165 solita
459 1155 469 1172 ,
485 1125 525 1165 &
544 1126 579 1165 ei
593 1139 681 1165 cum
698 1127 776 1165 aliis
789 1126 978 1166 Romanis
992 1129 1200 1168 communi.
1216 1129 1366 1169 Mosel-

93 1179 207 1219 lanus
221 1180 493 1232 interpretatur
512 1181 690 1234 σφιγγίον
704 1181 905 1226 amuletum,
922 1180 982 1220 sed
1002 1182 1147 1222 nullum
1165 1182 1364 1224 auditorem

96 1234 210 1273 habet
228 1235 311 1273 eius
324 1233 568 1286 significatus.
589 1234 815 1274 Amuletum
832 1233 980 1275 Graece
996 1236 1129 1276 dicitur
1142 1238 1365 1288 περίοιμμοι,

96 1289 319 1339 περίαπτον,
335 1287 604 1340 ἀπο-τροπαῖον,
618 1300 688 1327 nec
706 1300 803 1340 puto
819 1288 1028 1329 Lucianum
1050 1290 1089 1328 in
1102 1303 1163 1339 re,
1180 1303 1280 1343 quae
1295 1304 1364 1344 per

96 1342 224 1394 plures
239 1354 358 1382 voces
373 1341 531 1382 Graecis
550 1340 703 1381 usitatas
721 1341 924 1395 significari
937 1354 1106 1395 poterat,
1127 1343 1288 1384 voluiffe
1308 1345 1367 1384 uti

97 1408 215 1445 voce,
230 1396 338 1435 cuius
352 1394 584 1448 significatus
596 1407 677 1434 erat
687 1396 848 1435 omnino
865 1396 1051 1444 insolitus,
1064 1397 1104 1436 &
1114 1398 1283 1450 ignotus.
1297 1398 1367 1451 Igi-

97 1460 161 1490 tur
174 1449 372 1504 σφιγγίσν,
386 1460 429 1489 ut
443 1449 623 1496 arbitror,
637 1449 910 1489 diminutivum
926 1451 978 1498 est
992 1452 1098 1491 vocis
1113 1450 1246 1504 σφίγξ,
1260 1453 1366 1504 quod

97 1503 152 1544 est
167 1503 306 1543 animal
321 1516 342 1543 e
362 1503 557 1543 simiarum
572 1516 713 1556 genere
724 1532 734 1550 ‚
757 1516 838 1556 quo
853 1505 976 1544 minus
995 1505 1035 1544 &
1050 1505 1206 1554 exilius,
1221 1518 1269 1545 eo
1285 1519 1368 1557 pre-

96 1556 232 1598 tiofius
247 1558 286 1597 δι
299 1558 420 1611 magis
435 1557 691 1597 aestimatum:
716 1570 760 1596 ea
774 1571 963 1598 vocamus
977 1559 1014 1597 in
1034 1559 1160 1599 Gallia
1174 1560 1366 1610 guetzuches

97 1613 139 1652 δι
152 1611 310 1665 apajous.
331 1612 422 1651 Eam
436 1624 576 1651 vocem
593 1611 786 1652 Graecam
800 1612 913 1651 etiam
929 1613 1101 1651 Latinam
1118 1611 1205 1652 fecit
1224 1613 1367 1653 Plinius

97 1666 162 1706 lib.
178 1667 202 1706 6
212 1696 222 1713 ,
238 1678 321 1719 cap.
335 1680 384 1719 29
396 1695 406 1712 ‚
421 1666 488 1705 ubi
503 1666 548 1705 de
561 1666 603 1705 iis
617 1665 805 1705 mercibus
816 1696 828 1711 ,
842 1679 940 1718 quae
951 1666 999 1705 ab
1014 1666 1174 1706 Adulito
1186 1667 1367 1719 emporio

98 1720 432 1773 Troglodytarum
447 1718 674 1768 afferuntur,
687 1720 760 1760 ait:
775 1718 926 1770 deferunt
934 1721 1120 1772 plurimum
1141 1722 1233 1768 ebur,
1248 1721 1366 1760 rln‘no-

98 1786 242 1814 cerotum
265 1789 406 1819 cornua,
425 1774 736 1827 hippopotamorum
752 1774 857 1821 coria,
871 1775 1006 1813 celetum
1019 1775 1227 1826 testudinum,
1238 1775 1367 1826 sphin-

94 1829 174 1881 gia‚
191 1829 370 1880 mancipia.
392 1828 438 1867 Et
455 1827 562 1867 rusus
585 1827 721 1868 eodem
738 1828 885 1880 capite:
905 1828 1036 1867 animal
1046 1829 1244 1881 sphingion.
1254 1828 1366 1868 Talia

99 1882 277 1922 animalia
295 1881 404 1934 saepe
421 1882 587 1921 vidimus
600 1882 700 1935 apud
715 1894 822 1934 reges
833 1912 845 1927 ‚
860 1882 1047 1934 principes
1062 1883 1182 1927 viros,
1199 1881 1239 1920 δι
1253 1882 1367 1921 luxu-

97 1937 238 1976 riantes
253 1936 410 1984 divites,
422 1936 576 1988 alligata
589 1948 656 1988 per
672 1935 814 1978 collum
832 1935 894 1975 vel
907 1949 973 1987 per
993 1935 1054 1974 ilia
1071 1935 1181 1988 stipiti
1198 1935 1370 1988 aliquan-

98 1991 151 2030 do
173 1991 216 2031 &
235 1990 414 2043 sphaerae
435 2003 458 2029 e
475 1990 583 2043 ligno
603 1989 666 2028 vel
687 1989 866 2036 metallo,
888 2002 937 2028 ne
956 1990 1072 2029 libere
1095 1989 1226 2042 vagari
1246 1989 1370 2029 sinan·

99 2054 176 2092 tur,
193 2044 234 2084 δι
254 2044 305 2084 sic
326 2043 477 2096 alligata
497 2043 713 2097 παρέχουσι
728 2041 850 2082 ἑαυτὰ
867 2039 1050 2084 ἕλκεο-ὃσα
1071 2042 1178 2092 κλοιῷ
1193 2041 1370 2091 ssee‘vw,

101 2099 144 2139 δι
165 2111 262 2138 auro
281 2098 394 2138 etiam
409 2098 473 2138 vel
489 2097 618 2151 ligari,
631 2097 694 2137 vel
707 2098 835 2136 ornari
849 2096 959 2136 solita
971 2096 1096 2144 fuiffe,
1116 2096 1274 2136 testatur
1293 2096 1370 2150 ipse

102 2151 294 2192 Lucianus
308 2151 405 2192 infra
425 2151 608 2192 adversus
626 2150 820 2190 indo&un1
834 2166 843 2190 z
859 2150 1006 2190 πίθηκος
1026 2153 1109 2203 γὰρ
1131 2150 1145 2189 ὃ
1166 2150 1333 2196 πίθηκος,
1347 2149 1369 2192 ἦ

101 2206 290 2258 παροιμίαι
303 2205 414 2256 φησὶ,
424 2206 457 2244 κ’
466 2204 511 2244 ἂν
524 2206 669 2259 χρύσιοι
682 2204 753 2258 ἔχε
768 2204 950 2255 σύμβολα.
963 2205 1034 2243 His
1047 2203 1192 2257 positis,
1202 2217 1275 2256 pro
1290 2218 1372 2242 κου-

101 2259 217 2312 ράλιοι
266 2272 383 2313 quam
405 2272 543 2299 vocem
567 2258 801 2298 Mosellanus
822 2259 1094 2311 interpretatur
1115 2259 1264 2304 coralia,
1284 2268 1371 2296 tan-

104 2326 221 2366 quam
251 2329 263 2352 1
276 2313 431 2366 ιιορέιλιοι
445 2312 626 2367 scriptum
640 2312 757 2360 effer)
774 2313 976 2364 legendum
991 2322 1089 2364 puto
1101 2312 1294 2363 κουρίω-ιαι,
1307 2310 1371 2350 vel

105 2367 280 2420 κοράσιιι,
293 2367 357 2407 vel
372 2367 565 2420 κωρέιλλιοι
575 2396 586 2415 ,
602 2380 765 2420 quarum
779 2379 926 2405 vocum
941 2366 1039 2404 idem
1055 2364 1107 2404 est
1118 2364 1349 2418 significatus
1361 2394 1374 2413 ‚

43 2436 47 2442 =
106 2422 284 2461 nimirum
297 2421 444 2461 misia
459 2421 520 2460 vel
538 2420 752 2471 παιδάρια,
769 2420 808 2459 δι
823 2420 983 2459 duarum
996 2420 1146 2472 quidem
1157 2450 1167 2466 ‚
1185 2431 1280 2471 quas
1301 2418 1375 2471 pri-

108 2488 176 2514 mo
192 2475 282 2515 loco
293 2474 421 2529 posuit
430 2506 441 2523 ‚
458 2473 755 2528 frequentiflima
767 2484 975 2513 occurrunt
988 2472 1162 2525 exempla
1174 2504 1185 2521 ‚
1200 2472 1373 2512 ultimam

111 2529 304 2578 κωρόιλλια.
318 2529 537 2581 Hesychius
556 2529 669 2568 habet
691 2527 761 2567 fic:
778 2527 996 2579 Κωροίλλιον,
1016 2527 1234 2577 παιδάριον,
1249 2525 1376 2575 κόριον,

110 2582 152 2622 δι
167 2582 287 2636 paulo
306 2582 415 2637 post,
436 2582 676 2637 κωρέιλισκον,
690 2582 890 2635 μειράκιον.
911 2580 969 2622 Sic
991 2591 1122 2674 alutem
1145 2578 1377 2632 intelligendi

1060 2646 1083 2671 Π
1115 2647 1134 2685 3
