2015 3490
625 268 711 325 592
816 260 1683 318 ANNO,TATIONES

616 351 711 389 dans
725 350 769 389 ad
782 349 1043 403 Porphyrium
1057 366 1094 406 p.
1110 353 1173 399 26,
1185 367 1258 405 pro
1271 354 1290 393 ἢ
1302 385 1314 402 ,
1328 354 1392 392 καὶ
1415 355 1575 396 mavult.
1591 355 1637 395 In
1657 352 1875 407 posteriori⁴

614 404 689 441 bus
702 415 827 443 autem
843 407 940 444 curis
952 406 970 445 ii
981 407 1148 458 reponit,
1163 407 1204 445 &
1216 407 1403 446 ἀποτελεῖ
1411 407 1519 461 legit,
1530 423 1565 460 p.
1579 423 1602 462 9
1612 423 1623 447 ι
1632 438 1640 448 .
1653 408 1813 462 Optime
1825 410 1876 450 sa·
1926 426 1930 430 ·

615 466 680 502 ne,
692 469 780 495 nam
802 471 833 496 1.
849 472 883 496 2.
900 473 932 510 3.
947 471 982 505 4.
998 458 1024 497 fi
1040 459 1234 507 addantur,
1249 461 1377 500 evadit
1387 473 1568 501 numerus
1578 464 1750 502 denarius
1763 465 1810 502 ab
1827 465 1874 504 iis
1921 500 1923 502 ,

611 509 899 562 perfectissimus
912 512 1075 551 habitus.
1092 513 1190 552 Vide
1203 515 1314 552 etiam
1325 543 1335 560 ‚
1351 527 1448 566 quae
1469 515 1515 554 de
1531 528 1581 554 eo
1599 517 1746 555 tradant
1760 516 1875 557 Euse-

614 564 701 602 bius
712 564 748 601 in
766 565 982 604 Hieroclem
997 579 1031 617 p.
1044 580 1134 619 439,
1151 566 1224 619 (ed.
1236 565 1429 619 Philostr.)
1444 569 1486 608 δι
1496 568 1614 621 Diog.
1627 569 1751 608 Laert.
1761 569 1875 616 Vlll,

615 618 632 667 §
648 616 708 669 85.
733 617 923 657 Laudatur
937 618 1048 657 etiam
1066 619 1221 659 Philolai
1236 621 1330 659 liber
1344 621 1584 672 περὶφύσεως
1597 623 1631 660 in
1645 622 1794 668 libello,
1809 624 1872 662 cui

609 670 768 713 titulus.
780 673 832 709 τὰ
847 674 1126 725 Θεολογοὺμεναι
1146 672 1210 713 τιῖς
1223 673 1488 724 'Aprem-nmis,
1509 675 1607 726 apud
1620 676 1870 715 Wechelium

615 723 808 777 impreffo,
819 724 966 764 Parifiis
984 740 1097 778 1543,
1113 741 1148 779 p.
1164 741 1210 765 22
1227 741 1275 765 m.
1288 727 1353 766 De
1369 726 1565 766 ἀποτελεῖν
1580 728 1667 767 vide
1679 728 1775 780 Ἕρμ.
1787 741 1872 781 cap.

619 778 682 831 36.
701 778 857 817 SOLAN.
877 778 933 817 Ita
946 790 1143 818 exaratum
1157 780 1210 819 est
1224 780 1419 820 ἀποτελεῖ.
1430 796 1457 820 ν.
1473 793 1534 834 ap.
1549 781 1663 821 Brod.
1678 781 1788 821 Misc.
1799 782 1871 830 IX,

622 846 682 884 15·
705 831 858 884 Castigo
882 829 974 871 ἧτὸν
990 832 1120 874 ἐντελῆ
1129 829 1256 872 αὐτοῖς
1271 833 1413 886 ἀριθμὸν
1429 833 1622 874 ἀποτελεῖ.
1646 834 1790 876 Ἐντελῖῐ
1803 848 1872 875 au·

615 895 709 931 tem,
718 887 903 933 denarium,
913 897 962 924 eo
974 899 1054 939 quo
1067 886 1177 939 supra
1187 887 1300 927 docui
1313 887 1442 934 modo,
1452 887 1503 926 ait
1514 888 1628 934 idem,
1639 887 1800 928 innuens
1811 901 1871 937 ea,

613 952 714 990 quae
731 939 825 978 dixit
837 939 882 978 ad
897 940 1013 978 verba
1029 941 1214 993 μέγιστον
1225 940 1335 993 ὅρκον,
1350 941 1526 992 additque
1540 941 1725 995 figuram,
1748 955 1867 996 quam

614 1006 705 1032 cum
719 994 830 1031 etiam
850 991 1012 1032 Solanus
1026 992 1263 1046 expresserit,
1290 1007 1370 1032 non
1388 995 1602 1046 repetimus.
1626 993 1766 1035 REITZ.
1795 997 1871 1036 Hic

613 1046 779 1085 Marcilii
790 1046 1089 1086 emendationem
1102 1046 1294 1099 sequimur
1303 1061 1316 1096 ;
1340 1059 1383 1086 ut
1397 1048 1518 1089 adhuc
1529 1049 1670 1089 editum
1684 1048 1759 1095 est,
1781 1061 1871 1090 cae·

613 1100 733 1140 cutire
749 1113 822 1139 nos
839 1099 1014 1139 fatemur.
1040 1100 1168 1140 GESN.

670 1157 744 1192 ead.
758 1154 781 1192 l.
796 1155 831 1193 6.
852 1153 1054 1205 Φιλόλαος)
1074 1153 1224 1193 Auctor
1239 1154 1269 1193 is
1289 1155 1498 1194 carminum
1512 1185 1523 1202 ‚
1546 1167 1644 1208 quae
1654 1156 1776 1208 vulgo
1790 1155 1870 1208 Py-

613 1207 798 1260 thagorae
810 1208 1101 1255 tribuuntur‚·de
1112 1220 1191 1261 quo
1201 1207 1238 1246 in
1251 1220 1344 1246 nota
1356 1209 1605 1261 praecedenti.
1630 1209 1788 1248 SOLAN.

670 1263 741 1299 ead.
752 1263 774 1300 l.
788 1275 824 1308 7.
847 1261 1066 1314 Ἐπίκουρος)
1090 1260 1244 1300 Exstant
1265 1261 1387 1300 adhuc
1405 1262 1504 1314 apud
1520 1262 1773 1314 Diog.Laert.
1792 1273 1870 1304 tres

611 1314 793 1367 epistolae
808 1315 961 1367 Epicuri
974 1314 1197 1367 graviffimis
1211 1315 1256 1353 de
1268 1315 1378 1354 rebus
1391 1315 1571 1368 scriptae,
1583 1316 1722 1368 quibus
1741 1328 1868 1357 tamen

613 1369 707 1407 illud
720 1368 898 1421 ὑγιαίνειν
914 1369 1070 1408 minime
1084 1369 1348 1422 praemittitur.
1369 1368 1480 1421 Quin
1493 1368 1742 1422 &Diogenes
1755 1369 1832 1422 ipse
1842 1371 1870 1410 l.
1920 1389 1928 1399 ·

613 1436 645 1461 c.
656 1422 861 1475 aliquando
872 1421 1076 1461 adhibuisse
1087 1425 1128 1460 τὶ)
1143 1423 1181 1461 εὑ
1194 1422 1391 1473 πράττειν,
1403 1422 1604 1474 aliquando
1614 1424 1626 1461 l
1630 1436 1720 1462 uum
1732 1419 1775 1462 εὖ
1783 1424 1870 1463 sedt-

613 1491 708 1528 ·yew,
723 1477 888 1521 docens,
907 1476 952 1514 de
966 1471 1141 1528 ὑγιαίνειν
1159 1475 1277 1515 altum
1295 1475 1386 1515 filet.
1410 1476 1650 1517 Alterutrum
1663 1489 1779 1530 ergo,
1797 1487 1868 1517 aut

610 1541 820 1583 utrumque
832 1528 969 1568 erraffe
981 1530 1176 1569 dicendum
1191 1529 1256 1568 est.
1280 1530 1438 1569 SOLAN.

667 1587 740 1622 ead.
754 1585 778 1622 l.
797 1597 810 1621 1
821 1598 852 1622 1.
864 1583 1060 1636 (Ὑγιαίνειν
1075 1580 1191 1636 εὐθὺς)
1217 1582 1257 1622 In
1271 1584 1449 1623 omnibus
1465 1594 1590 1623 tamen
1606 1596 1628 1623 a
1644 1583 1800 1624 La'e'rtio
1815 1584 1867 1624 ci·

611 1639 697 1677 'tatis
706 1637 786 1676 eius
799 1637 962 1689 epistolis
972 1651 1007 1688 χ
1011 1638 1120 1688 alpem
1135 1635 1279 1690 semper
1291 1636 1501 1690 praefixum
1517 1637 1580 1677 est.
1605 1638 1745 1677 Bnon.

610 1711 612 1714 >
665 1693 742 1729 ead.
754 1692 776 1730 l.
795 1691 914 1730 12.’Ev
929 1689 976 1738 τῖι
991 1692 1137 1742 ἀρχαίᾳ.
1151 1690 1350 1743 κωμῳὲιᾳ)
1369 1690 1458 1731 Fuit
1468 1692 1567 1731 enim
1583 1691 1702 1742 prisca
1714 1721 1725 1740 ‚
1743 1690 1839 1731 medi
1888 1712 1891 1714 ·
1936 1683 1940 1686 Ι

611 1757 655 1785 ac
672 1758 777 1783 nova
789 1744 1012 1784 Comoedia.
1033 1746 1171 1784 BROD.
1788 1781 1795 1786 .
1828 1761 1843 1778 .-

668 1800 760 1852 Pag.
777 1812 863 1851 292.
876 1800 899 1837 l.
919 1812 946 1836 1.
961 1792 1058 1837 Οῧλέ
1071 1812 1113 1836 τε
1127 1797 1193 1850 -)
1206 1798 1324 1837 Hom.
1340 1797 1417 1838 Od.
1432 1803 1476 1843 Ω,
1494 1812 1584 1847 401.
1606 1798 1764 1838 SOLAN.

666 1855 742 1891 ead.
756 1853 778 1890 l.
793 1866 824 1890 2.
838 1851 991 1904 Σαφῶς)
1007 1851 1077 1900 Ita,
1091 1863 1133 1891 ut
1146 1852 1402 1899 conieceram‚
1419 1853 1530 1892 habet
1542 1852 1640 1893 Cod.
1656 1852 1709 1899 L..
1720 1852 1810 1894 vid.
1826 1865 1862 1893 c.

612 1919 676 1947 10⁴
692 1906 844 1958 Reliqui
859 1906 946 1944 libri
959 1905 1088 1952 σοφῶς.
1098 1905 1266 1945 δοιΑΝ.
1482 1952 1485 1955 ‚

667 1960 774 1999 cedd.
789 1959 996 2012 3.”Αλεξις,
1009 1960 1049 1998 8(
1068 1958 1246 2013 Ἀχαΐας)
1266 1959 1389 1998 Alexis
1400 1958 1597 1999 Comic'us.
1620 1959 1785 1999 Achaeus
1796 1959 1864 1999 iti-

612 2014 697 2053 dem
718 2013 903 2053 Comicus
917 2026 961 2052 ac
981 2013 1189 2052 Plu'laemon.
1207 2013 1346 2052 BROD.
1372 2014 1497 2052 Alexis
1517 2015 1633 2066 poeta
1657 2012 1865 2061 Comicus,

610 2069 723 2108 cuius
745 2077 892 2119 praeter
913 2066 1124 2119 fragmenta
1144 2065 1272 2119 passim
1296 2068 1536 2107 occurrentia
1556 2067 1648 2106 nihil
1666 2065 1776 2119 super
1794 2065 1862 2107 est.
1883 2063 1891 2072 '

614 2125 779 2162 Achaeus
791 2121 969 2166 Eretrius,
983 2123 1096 2172 poeta
1103 2120 1303 2172 Tragicus,
1314 2120 1506 2172 Sophocle
1517 2121 1634 2173 paulo
1646 2120 1784 2159 iunior.
1796 2119 1862 2159 De

611 2176 803 2215 Philemone
814 2175 900 2212 vide
911 2174 1072 2213 Suidam.
1095 2174 1186 2213 Eius
1197 2173 1407 2226 fragmenta
1424 2174 1535 2213 edidit
1546 2186 1664 2226 nuper
1676 2186 1764 2212 cum
1777 2173 1863 2213 Me·

610 2229 785 2269 nandreis
799 2229 827 2267 1.
841 2228 1014 2268 Clericus
1025 2258 1037 2274 ,
1056 2229 1093 2266 in
1108 2240 1208 2280 quae
1229 2228 1344 2279 paulo
1359 2227 1441 2280 post
1454 2228 1677 2281 prodierunt
1690 2227 1864 2266 emenda-

607 2284 734 2322 tiones
755 2283 852 2321 adeo
863 2282 1054 2327 eruditae,
1067 2293 1130 2327 ut,
1143 2282 1320 2334 quamvis
1328 2281 1443 2320 latere
1457 2279 1640 2326 voluerit,
1663 2279 1862 2319 auaorem

608 2336 718 2376 facile
732 2349 867 2375 omnes
882 2334 1099 2387 agnoscant.
1120 2335 1220 2373 Inter
1238 2335 1452 2387 longaevos
1464 2335 1526 2375 hic
1537 2334 1721 2374 Comicos
1733 2345 1756 2372 a
1771 2333 1862 2373 No-

610 2389 688 2429 stro
700 2388 910 2429 recensetur
923 2402 954 2428 c.
971 2403 991 2427 2
1001 2402 1031 2440 5.
1052 2387 1208 2427 SOLAN.

663 2445 734 2482 ead.
750 2443 770 2482 l.
788 2457 846 2482 10.
865 2442 1053 2494 Πλάτων)
1069 2443 1196 2481 Habet
1209 2441 1322 2481 etiam
1335 2440 1395 2482 Cl.
1407 2441 1520 2481 Alex,
1531 2440 1672 2481 Strom.
1683 2439 1751 2488 111,
1767 2438 1860 2480 teste

609 2498 736 2550 Steph.
751 2498 786 2535 in
810 2497 901 2548 Lyr.
923 2496 988 2548 qui
1004 2495 1183 2535 Simonidi
1199 2495 1329 2534 tribuit
1348 2509 1382 2547 p.
1400 2509 1487 2548 103,
1500 2495 1554 2534 uti
1569 2495 1610 2534 &
1624 2493 1860 2534 scholiastes.

610 2552 748 2592 Athen.
763 2552 874 2592 etiam
891 2550 1002 2590 habet
1015 2552 1092 2603 694
1107 2549 1146 2589 E.
1159 2545 1336 2603 ὑγιαίνειν
1347 2564 1391 2600 μ.
1410 2549 1447 2588 ἀ.
1464 2547 1567 2601 ἀνδρὶ
1584 2547 1716 2598 θνητῷ,
1731 2546 1862 2588 δεύτε-
