2015 3490
651 227 746 275 420
856 208 1723 262 ANNoTA‘rtoNES

651 298 879 339 Addendum
893 308 1004 347 vero,
1019 299 1056 338 ni
1067 298 1193 346 fallor,
1203 299 1272 339 τοῦ
1286 299 1433 351 Περσῶν
1447 302 1642 347 βασιλέως·
1657 303 1722 342 nifi
1735 303 1821 344 satis
1829 313 1915 345 eam
1978 351 1979 354 Ἴ
1998 340 2001 342 .

651 365 794 445 {locem
816 353 971 406 intelligi
989 354 1074 406 quis
1094 363 1226 407 putet,
1245 363 1312 392 aut
1334 353 1443 394 scribi
1463 355 1650 409 praefer-at
1673 357 1740 397 τοῦ
1761 360 1917 411 Πέρσουὸ

696 416 818 445 EMST.

706 459 783 497 ibid.
797 460 819 498 l.
838 474 870 512 3.
883 455 1002 509 Ιίἵρετο
1015 458 1116 512 &c.)
1131 459 1196 499 Ed«.
1213 457 1390 510 Αἶῆρέτα
1405 460 1490 499 τοὺς
1501 462 1718 507 βασιλικοὺς
1732 463 1773 503 29.
1790 477 1836 504 ac
1849 478 1917 518 pe-

651 512 713 551 ius
725 513 870 551 κωλύων
884 514 924 552 δι
938 512 1087 559 κωλύει,
1098 525 1188 552 cum
1201 510 1378 552 tamenin
1395 516 1441 551 V.
1459 516 1494 554 C.
1508 516 1654 568 liquido
1664 515 1710 555 fit
1720 515 1915 570 scriptum,

651 561 758 616 ἱὶρετο
769 566 855 605 τοὶς
866 566 1086 610 [ammom
1099 566 1138 605 ὃ.
1152 567 1319 612 κελεύων,
1330 567 1482 613 κελεύει,
1495 582 1595 620 quae
1609 570 1811 609 Herodoto
1824 584 1918 611 con-

653 620 835 667 veniunt3
858 618 925 657 nis1
942 632 955 657 (
970 619 1047 658 uod
1068 620 1180 672 εἴρετο
1200 618 1271 658 fuit
1291 622 1574 669 revocandum,
1596 622 1683 662 licet
1697 623 1914 676 Hesychius

651 673 766 711 etiani
782 673 917 711 habeat
929 672 955 717 ,³
967 677 1095 724 Ηρετο·,
1112 672 1232 724 ἠρώτα
1243 702 1256 719 ,
1266 671 1435 713 ἐπύθετο.
1453 674 1550 713 Mox
1567 671 1802 727 ὑπεκρίναντο
1816 678 1916 731 legi-

652 737 716 764 tur
736 727 771 764 in
793 725 1072 765 Historicorum
1089 727 1276 778 principe,
1298 726 1386 772 vel,
1403 728 1508 779 quod
1523 728 1602 769 Iac.
1620 728 1851 770 Gronovius
1865 743 1915 771 ex

652 779 832 819 Mediceo
847 780 944 818 libro
960 780 1058 818 dedit
1069 810 1081 827 ‚
1096 774 1335 831 ὑπεκρίνοντο.
1352 780 1518 821 ΗΕΜεΤ.

707 834 798 884 Pag.
813 845 876 882 72.
890 833 912 870 I.
927 831 1199 886 3.“Ύπκνέμιον)
1213 832 1330 884 Quae
1341 833 1518 873 dicantur
1529 835 1727 887 hypenemia
1737 852 1818 883 ova,
1832 836 1913 876 alio

651 886 690 925 in
707 887 798 925 loco
811 885 932 926 retuli.
943 886 1082 926 BROD.
1095 885 1219 938 Quasi
1234 897 1356 926 vento
1371 888 1526 939 gravida
1536 888 1632 927 facta
1647 888 1768 928 fuiffet
1778 921 1790 936 ,
1805 891 1918 943 quod‘

653 938 876 979 fabulantur
901 939 946 978 de
967 940 1140 992 equabus
1162 938 1387 992 Hispanicis.
1414 941 1513 979 Nam
1539 937 1734 991 ὑπηνέμιος
1758 943 1811 982 est
1835 939 1912 982 tim-b

652 992 719 1031 τοῦ
732 993 877 1043 ἀνέμου.
893 992 1029 1032 Plinius
1047 993 1083 1032 id
1105 993 1345 1032 mendacium
1364 992 1460 1033 serio
1476 995 1586 1034 nobis
1605 996 1774 1035 obtrudit
1797 992 1847 1035 H.
1863 997 1912 1036 N.

653 1046 772 1095 VIII,
795 1062 844 1093 42
857 1078 868 1094 ‚
885 1045 970 1099 post
984 1047 1090 1086 alios.
1109 1047 1230 1099 Atqui
1246 1055 1326 1085 ’tam
1347 1059 1483 1086 verum
1506 1048 1580 1087 hoc
1594 1061 1695 1096 erat,
1709 1063 1825 1102 quam
1842 1050 1912 1089 veb‘

651 1107 738 1139 rum
755 1100 840 1146 fuit,
854 1101 1054 1148 Iunonem,
1069 1100 1266 1140 mulierem
1280 1099 1510 1149 Theffalam,
1527 1101 1604 1141 fine
1617 1103 1691 1143 viri
1702 1103 1912 1144 concubitu

651 1153 842 1207 peperiffe.
860 1153 986 1192 Cui-R.
1045 1188 1053 1193 ,

706 1211 779 1246 ead.
793 1209 816 1245 l.
833 1208 1071 1256 4.,Βάναυσον
1087 1206 1192 1259 &c.)
1206 1205 1360 1246 Dicitur
1378 1207 1481 1247 Iuno
1496 1207 1676 1261 peperisse
1688 1210 1912 1250 Vulcanum

652 1261 854 1308 βάναυσον,
867 1261 929 1299 καὶ
941 1261 1118 1314 χαλκέα,
1132 1261 1196 1299 καὶ
1210 1261 1374 1312 πυρίτην.
1389 1261 1516 1300 Vertit
1530 1263 1728 1315 interpres,
1738 1263 1914 1314 fhrnaca-

654 1316 755 1360 rium,
768 1315 802 1353 δ’
809 1314 951 1366 fizbrum
963 1315 1143 1360 aerarium,
1155 1313 1190 1352 δ’
1202 1315 1434 1367 ignipotentem
1445 1329 1457 1352 .·
1469 1316 1657 1360 βάναυσος
1666 1317 1721 1355 est
1730 1328 1800 1355 arte
1805 1318 1914 1369 fimli⁴

653 1371 698 1407 da
711 1368 731 1406 s
726 1381 774 1407 eu
782 1368 962 1420 fillularla
975 1366 1284 1421 quaestum'fizciens
1294 1383 1311 1415 ,·
1328 1367 1389 1407 sed
1401 1370 1554 1420 πυρίτην
1569 1369 1730 1409 Graecis
1740 1369 1814 1410 effe
1825 1371 1914 1422 igni·

646 1434 813 1476 potentem
823 1453 835 1469 ,
848 1423 914 1474 qui
929 1423 1032 1461 circa
1044 1423 1172 1473 ignem
1186 1421 1372 1468 versatur,
1395 1422 1489 1460 mihi
1504 1422 1713 1474 persuaderi
1727 1436 1805 1463 non
1817 1432 1913 1476 pot·-

652 1475 727 1515 est:
744 1489 899 1527 πυριτινν
911 1476 1070 1528 lapidem
1084 1475 1323 1527 &gemmam
1339 1476 1423 1528 quis
1438 1475 1616 1528 ignorat?
1632 1478 1786 1529 πυρίτης
1798 1490 1911 1529 apros·
1978 1526 1982 1533 ⁸
2001 1498 2003 1507 v

651 1530 749 1568 dixit
758 1529 998 1580 Phrynichus
1008 1529 1105 1581 apud
1116 1528 1322 1568 Pollucem.
1337 1529 1383 1568 In
1393 1529 1464 1568 Ms.
1477 1528 1530 1568 est
1541 1530 1717 1581 orvpnv‘rv·
1728 1530 1787 1570 sed
1800 1531 1913 1570 huius

652 1584 764 1623 vocis
776 1583 996 1636 exemplum
1008 1595 1165 1635 quaero.
1180 1582 1297 1622 Forte
1307 1581 1448 1635 scripfit
1459 1583 1648 1622 Lucianus
1659 1583 1842 1636 'vrvpm'im
1853 1585 1912 1637 qui

651 1637 728 1687 igne
740 1638 848 1675 utitur
857 1637 892 1675 in
903 1639 1039 1689 flando,
1052 1636 1088 1674 ’δ’
1104 1638 1270 1689 coquendo
1281 1651 1354 1675 aere
1363 1666 1376 1682 ‚
1393 1649 1415 1675 a
1429 1636 1566 1687 πυρόω.
1581 1637 1713 1677 Habes
1727 1638 1826 1678 hanc
1836 1651 1913 1678 vo-

650 1702 738 1730 cem
753 1691 791 1729 in
804 1690 878 1730 hac
891 1691 1054 1730 notione
1066 1690 1166 1742 apud
1177 1690 1398 1742 scriptorem
1413 1689 1497 1729 libri
1512 1689 1658 1730 Esdrae.
1667 1691 1842 1731 GRAEV.
1888 1734 1891 1736 ,

705 1747 778 1783 ead.
792 1746 815 1782 I.
833 1758 864 1792 5.
877 1744 1058 1796 Πυρίτην)
1073 1744 1141 1782 Ed.
1153 1744 1182 1782 I.
1195 1739 1387 1796 πυρευτήν.
1397 1744 1559 1783 viderint
1574 1744 1658 1790 alii,
1675 1757 1724 1783 an
1735 1754 1912 1789 commo-i

650 1797 745 1838 dius.
761 1797 808 1838 G.
826 1798 864 1836 δι
881 1797 918 1836 Ρ.
937 1792 1107 1846 πυρητῆν.
1120 1797 1161 1835 L.
1173 1796 1363 1849 πυριήτην,
1373 1798 1436 1837 vel
1449 1796 1632 1850 πυροιτίιν.
1643 1798 1800 1838 SOLAN.

704 1852 784 1891 ibid.
799 1854 843 1888 Tb
858 1849 952 1903 πᾶν)
966 1850 1125 1902 Prorsus.
1137 1851 1276 1890 BROD.

703 1907 778 1945 ead.
793 1906 817 1943 l.
826 1904 864 1944 8.
877 1903 1057 1957 Ἐῤῥίφθη)
1077 1904 1131 1943 lta
1144 1904 1341 1943 ediderunt
1354 1903 1401 1942 B.
1422 1918 1457 1943 2·.
1473 1904 1512 1944 δι
1529 1904 1573 1943 P.
1587 1905 1691 1958 quod
1703 1905 1742 1944 in
1755 1905 1910 1960 reliquis

648 1959 833 2000 omnibus
846 1957 1027 2010 scriptum
1040 1956 1093 1997 est
1104 1957 1234 2009 ἑῤῥίφη.
1247 1958 1403 1997 Soram.
1974 2004 1975 2008 Ἰ

705 2016 777 2052 ead.
798 2013 821 2052 l.
841 2026 900 2051 ιι.
919 2010 1155 2063 Ἀστυάναξ)
1178 2011 1358 2050 Ηεξὶοτίε
1378 2010 1498 2056 filius,
1552 2024 1642 2050 uem
1660 2011 1835 2063 Ulyffes‚
1858 2026 1908 2053 ne

651 2068 742 2121 quis
764 2065 985 2120 superesset,
1000 2066 1065 2117 qui
1080 2065 1272 2104 excidium
1288 2064 1432 2104 Troiae
1449 2064 1522 2105 ulei
1541 2066 1576 2104 ci
1599 2064 1718 2118 poffet
1729 2096 1739 2114 ‚
1753 2066 1799 2105 de
1814 2067 1909 2107 turri

646 2120 924 2176 praecipitavit.
939 2120 1101 2159 V‘oRsr.

706 2178 776 2214 ead.
789 2175 811 2212 l.
825 2184 839 2212 1
848 2175 883 2213 6.
892 2167 1015 2212 Ὀίῗτος
1023 2173 1107 2226 μὲν)
1115 2171 1196 2211 Aut
1206 2171 1313 2211 aliter
1321 2171 1521 2223 legendum
1533 2170 1618 2218 fuit,
1627 2181 1696 2211 aut
1708 2184 1795 2212 cum
1807 2173 1851 2212 B.
1867 2187 1904 2213 2.

653 2230 695 2270 &
706 2229 750 2267 Ρ.
765 2241 869 2267 nova
883 2226 1065 2267 sententia
1080 2226 1304 2265 inchoanda.
1315 2225 1471 2265 SOLAN.

704 2283 740 2321 in
750 2282 863 2321 schol.
878 2281 1102 2331 Ὕπηνέμια)
1119 2279 1371 2319 Haec'Suidas
1387 2278 1661 2332 suppeditavit,
1676 2280 1775 2332 apud
1788 2292 1906 2333 quem

650 2335 827 2375 καλεῖται
839 2346 910 2388 pro
924 2335 1113 2387 λέγονται.
1127 2334 1287 2372 ΗΕΜεῒ.
1692 2338 1694 2340 ’

706 2389 796 2442 Pag.
811 2402 834 2435 7
844 2401 874 2438 3.
890 2389 913 2427 l.
933 2402 964 2438 ς.
979 2390 1117 2428 Μηκέτι
1130 2385 1337 2440 χρήσιμον)
1351 2387 1422 2424 Sed
1429 2385 1604 2425 eviratum.
1616 2385 1755 2425 BROD.
1768 2384 1906 2426 Virilia

651 2442 752 2483 enim
773 2441 849 2495 ipse
868 2441 935 2480 s1bi
952 2441 1178 2489 absciderat3
1197 2441 1296 2481 unde
1317 2439 1447 2492 postea
1461 2439 1632 2490 Cybeles
1652 2439 1924 2489 sacerdotibus,

651 2509 737 2537 mos
749 2496 827 2538 iste.
839 2497 892 2538 V.
908 2495 1011 2539 Laet.
1020 2495 1051 2546 1,
1065 2508 1125 2550 ¹7³
1136 2495 1201 2549 qui
1212 2493 1329 2549 paulo
1343 2493 1448 2534 aliter
1458 2506 1539 2533 rem
1553 2504 1691 2534 narrat.
1704 2492 1862 2534 SOLAN.
