2015 3490
611 259 700 324 5ae
804 254 1672 303 ANNoTATtoNEs

659 346 738 384 ibid.
760 343 958 397 Πρᾶγμα)
986 343 1049 382 An
1074 342 1312 382 Muficorum
1337 343 1574 382 vocabulum
1599 343 1644 382 fit
1668 342 1739 383 hac
1758 341 1796 382 in
1823 353 1867 384 re

604 401 795 450 γράμμα,
811 398 916 450 quod
935 399 972 436 in
988 396 1175 449 plerisque
1193 397 1391 449 reperitur,
1409 397 1449 435 δι
1471 397 1511 434 in
1525 395 1605 449 ipso
1619 398 1690 435 W.
1701 397 1866 436 viderint

604 451 754 491 Mufici.
774 450 945 504 πρᾶγμα.
965 463 1064 489 vero
1077 449 1198 488 exstat
1215 450 1252 488 in
1268 449 1311 488 L.
1326 450 1382 488 uti
1395 449 1435 488 δι
1450 450 1487 488 in
1501 449 1537 488 S.
1554 450 1745 489 Mutatum
1758 450 1811 488 est
1823 451 1866 490 ὅτ.

605 517 695 544 ante
714 505 762 542 ab
778 504 934 543 Erasmo
946 504 983 541 in
1002 503 1171 554 Adagiis.
1185 499 1277 542 εἶναι
1290 504 1402 542 etiam
1417 503 1625 542 addendum
1640 513 1747 555 putat
1759 504 1866 542 Vor-

606 559 708 597 stius.
724 557 788 597 De
803 556 862 596 sic
876 556 944 597 διὰ
957 556 1091 596 ’πασῶν
1106 557 1195 595 vide
1209 569 1279 595 nos
1300 557 1345 594 ad
1361 561 1425 608 Πρ.
1439 567 1475 593 λ.
1495 568 1530 595 c.
1543 570 1584 606 7,
1599 561 1750 609 Συγγρ.
1771 568 1805 595 c.
1823 569 1866 604 7,

604 611 647 649 δι
660 610 816 650 'Aerem
830 623 912 662 cap.
930 624 950 647 2
960 623 993 657 1,
1007 609 1070 648 ubi
1088 610 1215 648 itidem
1231 607 1400 662 πρᾶγμα
1413 621 1491 647 non
1502 611 1668 661 γράμμα
1682 610 1865 648 occurrit.

604 664 761 703 SOLAN.
773 664 1031 703 plurimorum
1050 661 1173 702 Codd.
1190 662 1230 701 δι
1249 662 1330 701 edd.
1347 661 1569 715 scripturam
1588 662 1759 702 servavi:
1776 675 1864 701 nam

606 718 696 757 licet
719 720 762 755 τὸ
781 718 948 769 ’γράμμα
971 717 1143 754 videatur
1164 715 1238 754 efl'e
1262 714 1366 767 poffe
1390 715 1627 755 vocabulum
1648 715 1837 755 Musscum
1852 743 1866 763 ‚

605 772 697 823 quia
712 770 956 822 Σιαγραμμα
968 769 1004 808 id
1016 768 1212 821 significat,
1226 769 1332 821 quod
1346 769 1457 808 hodie
1463 768 1596 820 scalam
1610 768 1780 814 dicimus,
1793 769 1818 807 i.
1830 781 1867 808 e.

605 823 922 864 commonstratio
935 833 1111 862 notarum
1133 821 1365 861 musicarum
1377 835 1425 861 ex
1438 821 1591 868 ordine,
1605 834 1636 861 a.
1651 822 1688 861 b.
1705 835 1738 861 c.
1752 821 1867 874 idque

605 878 792 917 interdum
807 875 1053 916 confunditur
1071 889 1159 915 cum
1179 887 1248 923 eo,
1262 876 1367 927 quod
1384 876 1537 928 Systema
1551 874 1690 914 Mufici
1710 875 1840 914 dicunt
1851 905 1864 923 ‚

605 931 702 984 (vid.
719 931 819 981 supr.
833 930 892 970 cit.
908 929 1063 969 Ptolem.
1080 928 1294 981 Harmon.)
1309 940 1436 967 tamen
1448 928 1483 967 id
1496 929 1562 967 vix
1579 928 1710 968 locum
1729 928 1864 977 habet3

604 998 695 1024 nam
708 983 875 1036 πρᾶγμα
890 983 949 1022 hic
966 982 1109 1022 Nostro
1123 981 1175 1021 est
1186 983 1351 1033 negotium
1357 983 1474 1034 suum,
1493 981 1610 1021 status
1623 982 1684 1021 ille
1701 982 1864 1029 aulicus,

605 1040 652 1077 de
666 1051 747 1091 quo
771 1037 808 1076 se
831 1046 992 1090 purgat,
1008 1036 1046 1075 δι
1066 1048 1182 1088 quem
1206 1036 1383 1087 deinceps
1397 1048 1476 1075 non
1497 1034 1608 1074 semel
1631 1035 1867 1088 πράγματος

605 1093 764 1131 nomine
782 1091 958 1139 denotat,
976 1100 1018 1128 ut
1032 1089 1154 1129 statim
1171 1101 1205 1128 c.
1219 1088 1294 1142 seq.
1309 1089 1413 1128 τουτὶ
1429 1111 1474 1118 -
1489 1092 1531 1127 τὸ
1549 1085 1716 1141 ἡμέτερον
1736 1087 1866 1143 πρᾶγ-

604 1160 664 1198 μα,
676 1145 750 1185 ἃς.
767 1144 910 1182 Rei-[z.

660 1201 732 1237 ead.
747 1199 770 1236 l.
790 1195 992 1249 ς.Ἀνεμόνη
1014 1194 1134 1248 ῥόδῳ)
1154 1194 1200 1233 In
1219 1195 1399 1234 omnibus
1413 1195 1526 1248 impr.
1542 1193 1662 1240 aliter,
1674 1193 1865 1248 rosaeque

607 1250 822 1306 praefertur
841 1262 1029 1289 anemone
1043 1260 1177 1288 contra
1192 1260 1366 1288 veterum
1381 1250 1554 1288 codicum
1571 1247 1655 1288 Mff.
1672 1247 1782 1287 fidem
1794 1280 1805 1298 ‚
1825 1250 1864 1288 in

605 1306 746 1358 quibus
759 1304 915 1353 ἀνεμώνη
929 1302 1036 1355 ῥόδῳ,
1051 1313 1092 1341 ut
1104 1303 1140 1340 in
1154 1303 1224 1342 W.
1236 1302 1278 1341 &
1295 1303 1336 1341 L.
1349 1302 1498 1354 legitur.
1513 1303 1611 1340 Nam
1624 1302 1728 1354 quod
1742 1303 1780 1341 in
1791 1304 1864 1342 W.

604 1359 686 1398 iota
706 1357 956 1411 subscriptum
977 1356 1092 1395 habet
1114 1355 1274 1404 ἀνεμώνῃ
1286 1386 1298 1404 ,
1322 1354 1608 1395 recentissimam
1632 1356 1760 1408 arguit
1783 1368 1865 1395 ma-

606 1426 719 1452 num:
735 1413 775 1450 in
791 1424 840 1450 eo
857 1411 959 1450 enim
974 1409 1104 1449 codice
1115 1407 1335 1448 adscribitur
1348 1408 1507 1461 semper,
1519 1421 1713 1461 nunquam
1727 1407 1866 1462 suppo-

606 1467 720 1505 nitur.
734 1465 929 1504 Hauenus
941 1465 985 1503 de
998 1462 1194 1515 scriptura.
1213 1463 1311 1501 Rem
1327 1461 1439 1514 ipsam
1456 1463 1560 1514 quod
1573 1464 1710 1502 attinet
1721 1491 1732 1509 ‚
1749 1461 1775 1501 s1
1795 1475 1867 1502 ve-

606 1531 706 1559 teres
719 1518 908 1571 inspicias,
922 1517 963 1556 &
975 1529 1089 1569 quam
1107 1515 1303 1568 magnifica
1314 1517 1360 1554 de
1373 1516 1458 1554 rosa
1472 1516 1785 1567 praedicaverint,
1799 1516 1866 1555 ob·

607 1572 758 1618 serves,
772 1584 966 1624 nunquam
977 1601 991 1617 ,
1004 1570 1140 1618 credo,
1157 1570 1194 1608 in
1206 1570 1375 1608 animum
1393 1569 1552 1609 induces
1566 1584 1747 1608 anemonae
1763 1569 1866 1621 post-

607 1628 774 1666 habitam
787 1640 799 1673 ;
814 1625 1016 1678 praecipue
1031 1623 1059 1663 fi
1072 1634 1242 1676 reputes,
1259 1636 1374 1675 quam
1396 1621 1574 1662 incuriofi
1589 1623 1700 1662 iidem
1715 1633 1871 1663 veteres

607 1693 697 1733 erga
709 1680 848 1719 florum
862 1679 1050 1718 culturam
1061 1691 1072 1724 3
1090 1677 1195 1729 quod
1208 1689 1345 1716 contra
1356 1675 1399 1715 fit
1412 1689 1432 1715 a
1444 1676 1594 1716 nostrae
1604 1676 1735 1716 aetatis
1746 1676 1866 1715 homi·
1887 1705 1889 1707 -

608 1735 741 1779 nibus,
762 1734 827 1785 qui
842 1732 955 1771 variis
976 1731 1122 1770 artibus
1144 1743 1212 1769 eos
1225 1729 1339 1769 flores
1352 1760 1363 1778 ‚
1384 1742 1484 1782 quos
1503 1729 1625 1769 hortis
1641 1728 1716 1769 suis
1730 1729 1865 1781 dignos

605 1787 837 1832 existimant,
849 1786 944 1825 adeo
957 1795 1159 1832 exornant,
1171 1794 1213 1822 ut
1227 1796 1414 1822 anemone
1428 1783 1501 1822 iam
1517 1783 1652 1823 colore
1665 1782 1705 1821 &
1723 1784 1864 1836 magni·

607 1842 738 1881 tudine
752 1853 839 1880 cum
856 1838 940 1878 rosa
954 1850 1100 1878 certare
1114 1836 1337 1889 quibusdam
1353 1837 1472 1876 videri
1492 1836 1615 1888 poffit.
1636 1836 1792 1876 SOLAN.
1804 1837 1867 1876 ’A-

606 1896 737 1945 νεμώνῃ
752 1892 878 1946 ῥόδον)
897 1893 987 1932 Non
1008 1904 1153 1930 moveo
1174 1891 1269 1930 hanc
1282 1891 1493 1929 editionum
1509 1890 1732 1938 leffionem,
1746 1903 1865 1942 quam

607 1948 773 1988 Solanus
784 1959 863 1986 non
873 1945 957 1985 sat-is
968 1946 1119 1984 videtur
1130 1943 1332 1984 attendiffe.
1342 1944 1440 1983 Nam
1452 1943 1505 1982 fic
1518 1942 1702 1982 structura
1713 1943 1867 1996 respon·

607 2004 671 2042 det
690 2001 859 2053 sequenti
880 1999 1052 2051 ἀνθρώπῳ
1066 1997 1225 2038 mennae.
1246 1997 1347 2037 Cum
1365 1997 1464 2036 enim
1481 2007 1569 2036 ante
1585 1997 1641 2036 bis
1661 1997 1866 2036 nominati-

606 2069 702 2096 vum
719 2052 1010 2107 praeposuiss'et,
1027 2051 1210 2102 μόλιβδος
1228 2051 1387 2104 ἀργύρῳ,
1402 2053 1554 2103 χαλκὸς
1575 2049 1703 2103 χρυσῷ
1716 2051 1891 2098 dicens·‚'

606 2110 682 2149 iam
696 2109 752 2149 bis
763 2139 774 2156 ,
787 2106 993 2159 elegantiae
1004 2104 1115 2145 causa
1127 2134 1139 2150 ‚
1159 2104 1308 2144 videtur
1323 2102 1515 2144 invertisse
1527 2103 1865 2153 constructionem,

609 2163 768 2213 ἀνεμώνῃ
781 2160 848 2213 ῥὸὃ
852 2176 899 2206 ov,
911 2160 1080 2211 ἀνθρώπῳ
1091 2159 1238 2198 πίθηκος
1252 2170 1418 2211 ponens:
1431 2157 1532 2197 unde
1545 2168 1671 2196 tamen
1685 2169 1762 2196 non
1772 2169 1866 2197 con-

609 2216 794 2269 sequitur,
806 2212 931 2254 rosam
944 2215 990 2252 ab
1004 2225 1053 2252 eo
1067 2211 1279 2265 posthaberi
1293 2223 1524 2258 anemonae;
1539 2209 1599 2249 sed
1613 2211 1700 2262 quia
1715 2221 1863 2250 tantum

612 2270 725 2317 dicit,
740 2280 902 2322 quantum
914 2267 1081 2318 discrimen
1099 2267 1141 2317 est
1159 2266 1243 2303 inter
1255 2266 1317 2303 hos
1324 2268 1442 2316 flores,
1456 2277 1544 2303 eum
1563 2264 1696 2303 leciori
1714 2263 1867 2316 postha-

608 2323 775 2363 bendum
790 2321 988 2372 relinquit,
1009 2333 1123 2372 quem
1139 2319 1171 2357 is
1182 2317 1304 2371 vulgo
1317 2318 1540 2371 posthabere
1557 2316 1650 2356 solet
1661 2347 1672 2365 ,
1683 2317 1710 2355 i.
1721 2329 1754 2356 e.
1773 2329 1864 2357 ane-

609 2389 764 2416 monen.
780 2375 852 2414 Eas
865 2386 1005 2421 autem,
1019 2386 1109 2412 cum
1121 2370 1223 2411 rosas
1236 2372 1388 2424 quidem
1400 2370 1525 2424 figura
1539 2371 1788 2417 imitarentur,
1804 2369 1866 2410 sed

607 2432 723 2482 longe
738 2430 903 2468 minores
922 2428 963 2467 δι
975 2427 1115 2466 nullius
1136 2426 1267 2465 odoris
1281 2424 1396 2464 effent
1406 2454 1416 2471 ,
1432 2437 1524 2478 prae
1546 2423 1638 2463 rosis
1652 2434 1863 2464 contemtas

607 2484 716 2523 fuiffe
726 2513 738 2531 ‚
750 2483 825 2522 vid.
840 2480 980 2520 Erasm.
997 2481 1034 2519 in
1048 2481 1154 2532 adag.
1170 2479 1294 2530 Rosam
1307 2494 1381 2518 cum
1392 2493 1549 2517 anemone
1558 2476 1700 2528 confers,
1711 2476 1751 2516 δι
1766 2476 1865 2516 Dio-

607 2537 744 2580 scorid.
758 2535 949 2578 Matthioli
965 2549 1001 2589 p.
1019 2548 1104 2589 332.
1119 2534 1184 2584 Et,
1202 2532 1308 2587 quod
1322 2531 1484 2573 Solanus
1503 2529 1604 2573 reste
1621 2531 1696 2580 ait,
1713 2542 1796 2572 non
1811 2529 1866 2571 est
