2015 3490
638 246 731 311 458
835 233 1710 294 ANNO'TATIONES

636 345 718 383 cap.
739 345 784 369 22
799 360 812 377 ,
833 331 1166 384 κατεχαλάζησας
1188 326 1312 371 αὐτῶν
1330 332 1503 378 ἀφθόνους
1522 332 1605 373 τοὺς
1624 334 1750 375 λίθους.
1768 333 1898 377 ΟΕΕΝΕ

690 387 762 422 ead.
776 386 797 422 l.
811 384 847 423 6.
860 386 929 422 Καὶ
943 386 988 424 σὺ
1002 385 1066 437 Σὲ)
1081 385 1138 424 Ita
1148 384 1236 437 legit
1248 385 1286 424 P.
1300 386 1339 425 δι
1353 386 1504 426 videtur
1516 399 1658 433 nomen
1668 386 1821 442 aliquod
1830 404 1900 432 ex·.

635 437 772 477 cidisse.
793 438 951 477 SOLAN.

692 495 764 529 ead.
779 492 803 530 l.
814 506 847 540 7.
866 491 928 531 Ὦς
945 489 1039 542 πήρη
1051 490 1068 544 )
1081 490 1230 530 Alludit
1242 492 1288 531 ad
1301 492 1401 531 hunc
1414 493 1665 533 Homericum
1679 493 1831 534 versum
1847 495 1891 536 Π.

642 544 700 584 16.
713 544 859 584 COGN.
874 545 944 585 Sed
957 557 1138 584 numerus
1153 543 1205 584 est
1218 544 1392 593 vitiosus,
1404 546 1444 584 δι
1456 546 1588 585 versus
1600 546 1676 600 ipse
1689 547 1821 588 vitiose
1833 561 1899 588 ex-

635 597 798 649 pressus,
816 609 894 637 tam
912 599 951 638 in
967 597 1076 638 Paris.
1095 611 1212 650 quam
1228 599 1266 637 in
1285 598 1428 639 Graev.
1445 599 1530 638 edit.
1549 599 1639 639 ideo
1659 601 1820 640 eundem
1834 614 1895 641 er·

634 664 765 690 rorem
793 665 874 691 non
896 652 1033 691 iterum
1054 652 1306 692 describemus
1321 681 1333 700 ,
1355 652 1415 693 sed
1435 652 1588 693 versum
1613 654 1773 694 Homeri
1801 668 1897 694 mox

634 704 885 745 subiiciemus.
900 705 1049 745 Rmz.

687 759 766 798 ibid.
782 760 978 812 Βάκτροις)
994 760 1112 799 Hom.
1129 759 1170 798 11.
1187 764 1210 797 B
1221 791 1231 807 ,
1248 758 1408 813 363,‘525
1434 758 1570 812 φρήτρη
1589 757 1786 812 φρήτρῃφιν
1802 759 1896 814 ἀρύ-

633 826 700 863 γρ,
715 811 821 862 φῦλα.
834 813 878 852 st
892 811 1031 862 φύλοις.
1044 813 1122 853 Ubi
1134 813 1208 853 vid.
1225 823 1304 852 not.
1321 813 1357 852 S.
1371 813 1528 852 Clarkii.
1543 812 1603 853 sed
1614 812 1836 854 Scholiastes
1851 816 1895 856 &

633 865 749 905 Brod'.
769 867 806 906 in
821 866 972 907 Miscell.
987 881 1021 918 p.
1039 881 1073 913 2,
1087 880 1120 907 c.
1140 882 1203 913 22,
1218 868 1291 906 iam
1306 880 1507 912 monuere,
1522 866 1672 906 versum
1684 880 1733 906 ex
1750 868 1852 907 Iliad.
1865 873 1894 906 Β

633 918 707 957 effe
719 919 931 960 desumtum
943 936 950 958 :
964 922 1059 960 idem
1070 921 1287 972 complures
1298 917 1621 961 commentatores
1630 919 1752 961 fecere
1762 936 1774 969 ·‚
1786 921 1900 974 quod-

633 974 807 1026 comperi
821 1005 831 1022 ‚
847 973 1047 1028 postquam
1063 976 1154 1014 haec
1166 974 1395 1026 scripseram.
1409 973 1556 1013 REITZ.

685 1030 758 1066 ead.
778 1029 802 1067 l.
821 1042 879 1068 10.
894 1029 1030 1082 Ξὺλῳ)
1053 1029 1175 1068 Etiam
1198 1028 1289 1066 alias
1313 1028 1550 1067 minabantur
1572 1027 1612 1067 &
1632 1027 1892 1079 percutiebant

631 1079 775 1120 baculis
791 1081 1113 1134 philosophi3vid.
1129 1082 1272 1122 AeLV.
1290 1082 1338 1121 H.
1359 1082 1414 1130 X,
1433 1082 1490 1121 16.
1511 1082 1657 1121 REITz.

686 1135 764 1174 ibid.
777 1136 844 1173 Tim
861 1135 993 1189 ἀξίαν)
1014 1137 1143 1176 Δίκην.
1160 1137 1297 1176 BROD.

684 1192 759 1227 md.
775 1191 798 1226 l.
815 1203 828 1227 1
841 1203 872 1228 1.
889 1184 1127 1240 Κεκμίτκξιτε,
1144 1184 1169 1229 ἶ)
1183 1188 1430 1242 Ἀρίστιππε)
1443 1187 1608 1229 Auffior
1621 1187 1675 1227 est
1689 1199 1798 1228 vetus
1809 1188 1892 1228 Co-

630 1241 724 1280 dex:
741 1243 952 1291 κεκμήκατε
963 1273 973 1289 ‚
991 1238 1022 1288 ‹T›
1037 1244 1218 1295 Ἐστίκὸυρε
1241 1244 1304 1282 καὶ
1317 1243 1551 1295 Ἀρίστιππε.
1567 1243 1737 1282 GRAEV.
1753 1242 1891 1294 Epicu—

630 1296 663 1333 ri
679 1308 818 1334 nomen
832 1327 841 1341 ,
855 1298 961 1348 quod
976 1298 1012 1335 in
1028 1298 1136 1336 editis
1150 1296 1358 1343 exciderat,
1372 1309 1419 1335 ex
1438 1294 1508 1335 Ms.
1529 1294 1598 1335 Gr.
1614 1295 1655 1334 &
1676 1295 1715 1334 P.
1731 1295 1893 1335 restitui-

630 1362 727 1388 mus.
745 1350 944 1403 Aptiffime
958 1362 1084 1389 autem
1099 1352 1304 1403 Epicurum
1319 1352 1359 1390 &
1371 1348 1624 1402 Aristippum,
1636 1359 1770 1402 utpote
1782 1348 1891 1389 labo·

630 1403 683 1441 ris
697 1413 906 1443 metuentes
919 1435 929 1451 ,
942 1404 1064 1444 statim
1081 1404 1191 1444 feffos
1209 1405 1363 1444 inducit.
1384 1405 1539 1443 δοῖ-ΑΝ.

683 1460 753 1495 ead.
771 1458 792 1495 l.
814 1471 870 1510 13.
891 1457 990 1497 Ἑστὲ
1009 1459 1138 1510 σοφοὶ)
1160 1458 1294 1498 Parod.
1318 1460 1481 1497 Homer.
1499 1456 1628 1508 quales
1649 1455 1710 1495 hic
1732 1455 1888 1496 multae.

627 1509 839 1557 Homerus,
855 1511 939 1550 εστὲ
951 1511 1062 1562 φίλοι.
1075 1513 1248 1552 Boum).
1264 1511 1500 1564 Lepidiffime
1512 1510 1703 1550 Lucianus
1717 1509 1756 1548 in
1768 1509 1892 1550 dialo-

629 1576 682 1616 go
693 1595 702 1610 ‚
715 1565 777 1603 cui
791 1578 929 1604 nomen
942 1566 1041 1604 dedit
1057 1565 1409 1611 Revivffcenfibus,
1427 1565 1568 1603 inducit
1581 1564 1704 1603 omnis
1722 1562 1890 1615 philoso-

627 1618 792 1669 phorum
817 1618 937 1658 sectae
952 1619 1158 1672 principes,
1179 1620 1373 1659 Socratem
1385 1649 1396 1667 ‚
1411 1619 1606 1658 Platonem
1619 1648 1628 1664 ‚
1644 1616 1858 1669 Diogenem
1874 1647 1890 1664 ,

627 1671 723 1710 alios
734 1702 747 1717 ,
761 1672 808 1710 ab
825 1672 954 1712 inferis
967 1673 1183 1714 exsistentes
1195 1703 1208 1719 ,
1223 1674 1338 1726 inque
1357 1672 1478 1725 ipsum
1494 1672 1703 1711 Lucianum
1718 1701 1731 1717 ,
1750 1670 1790 1724 (a
1805 1684 1888 1724 quo

625 1724 777 1777 indigne
791 1726 938 1766 habitos
952 1726 987 1766 se
1000 1727 1279 1766 arbitrabantur
1294 1729 1329 1766 in
1341 1727 1515 1779 proxime
1530 1725 1767 1779 praecedenti
1782 1724 1891 1765 Vita*

627 1791 716 1816 rum
729 1779 902 1819 auffione
914 1795 926 1828 3
940 1781 1004 1819 ubi
1020 1793 1161 1820 venum
1178 1779 1385 1833 proposui,
1398 1792 1516 1833 atque
1530 1779 1627 1819 adeo
1644 1779 1817 1817 omnium
1837 1779 1889 1818 ri-

626 1831 683 1871 sui
696 1833 856 1885 expositi
869 1833 1037 1888 fuerant)
1057 1836 1240 1887 impetum
1255 1833 1446 1874 facientes.
1466 1833 1598 1885 Itaque
1610 1832 1801 1876 Socrates,
1820 1832 1888 1872 ubi

627 1885 794 1938 reliquos
811 1887 1056 1939 philosophos
1070 1898 1218 1941 quanto
1233 1889 1404 1927 maximo
1427 1897 1576 1940 poterat
1592 1885 1744 1925 fervore
1764 1885 1886 1925 animi

624 1938 663 1977 in
676 1940 884 1979 Lucianum
900 1941 1082 1981 incitasset
1092 1972 1104 1990 ‚
1116 1942 1264 1981 tandem
1284 1940 1475 1981 labascere
1488 1954 1556 1980 eos
1573 1951 1709 1993 putans
1719 1969 1730 1986 ,
1744 1937 1888 1991 Ὁμηρι-

626 1992 700 2032 κῶς
719 1994 908 2034 clafficum
925 1996 1047 2040 canit,
1070 2018 1114 2024 —
1126 1996 1230 2034 Ἐστὲ
1244 1996 1344 2042 σοφοὶ
1357 2026 1368 2042 ,
1381 1993 1576 2044 (mimo-52
1595 1993 1639 2032 se
1654 1992 1820 2045 θούριδος
1834 1994 1886 2045 ὀρ-

625 2045 707 2099 γνῖς.
723 2048 871 2100 Nempe
885 2049 1081 2088 Homerus
1094 2049 1134 2088 Il.
1152 2054 1175 2086 A
1188 2079 1199 2095 .,
1217 2063 1254 2087 ν.
1273 2049 1348 2098 287
1363 2061 1371 2087 :
1388 2048 1517 2099 Ἀνέρες
1531 2047 1619 2087 ἐστὲ
1630 2077 1642 2092 ,
1657 2046 1776 2096 φίλοι,
1794 2045 1891 2096 maia

626 2105 753 2139 cmm
769 2101 813 2140 st
826 2102 990 2153 &ouptsof
1006 2101 1137 2141 ιἰλκῆς.
1152 2103 1258 2142 IENS.
1275 2103 1392 2142 Hom.
1407 2102 1450 2141 Il.
1465 2107 1492 2139 A
1506 2132 1517 2147 ,
1532 2101 1620 2151 287,
1637 2101 1767 2152 Ἀνέρες
1781 2098 1887 2148 ἐστὲ,

624 2154 726 2203 φίλει
739 2186 750 2203 ,
762 2153 957 2205 μνῆστις-ὂς
969 2156 1013 2195 ἒὲ
1029 2156 1190 2208 ,θούριδος
1205 2155 1333 2196 ἀλκῆς.
1347 2156 1457 2195 Unde
1473 2155 1513 2194 &
1525 2155 1584 2195 hic
1597 2154 1717 2204 ἀνέρες
1729 2152 1882 2193 excidis-

624 2207 660 2245 {e
675 2210 867 2255 coniicio,
889 2211 992 2261 quod
1014 2223 1083 2249 cur
1105 2211 1296 2256 reficeret,
1320 2209 1422 2248 nulla
1437 2221 1515 2248 erat
1532 2209 1642 2248 ratio.
1667 2207 1821 2247 SOLAN.
1841 2206 1885 2246 ll.

626 2265 661 2298 Π
673 2294 684 2310 ,
702 2275 787 2307 270.
804 2263 928 2303 GESN.
945 2264 1060 2304 Brod.
1073 2263 1223 2303 Miscell.
1238 2278 1274 2317 p.
1288 2278 1309 2302 2
1320 2293 1332 2309 ,
1346 2278 1376 2302 c.
1397 2278 1443 2302 22
1459 2293 1470 2308 ‚
1481 2263 1531 2301 ait
1543 2292 1554 2309 ,
1572 2263 1689 2308 Hom.
1703 2260 1744 2299 Il.
1762 2265 1785 2298 Z
1798 2291 1810 2308 ‚
1823 2266 1854 2298 Θ
1868 2291 1882 2308 ,

623 2314 751 2355 dixiffe
766 2340 809 2346 —
828 2316 1024 2367 μνήσασᾶε
1035 2317 1079 2356 δὲ
1093 2317 1260 2370 Βοὺριέος
1278 2316 1408 2355 ἀλκῆς.
1438 2315 1577 2362 Reum
1600 2314 1660 2354 sed
1681 2312 1776 2354 vers.
1792 2313 1831 2352 ΙΙ,
1846 2320 1882 2351 Θ

624 2369 677 2408 est
697 2383 769 2418 174
782 2401 790 2412 ,
805 2371 844 2410 &
860 2375 884 2408 Z
895 2402 905 2418 ‚
925 2385 938 2409 1
950 2385 963 2409 1
976 2385 1007 2410 2.
1020 2371 1129 2410 Adde
1142 2371 1292 2411 tertium
1307 2371 1405 2410 idem
1418 2371 1626 2414 dicentem,
1639 2368 1727 2407 loco
1742 2367 1790 2406 ab
1804 2366 1880 2406 So·

622 2422 712 2461 lano
728 2424 912 2472 indicato,
928 2425 990 2463 ubi
1003 2423 1148 2476 semper
1170 2425 1278 2463 habet
1293 2454 1303 2469 ‚
1321 2425 1453 2476 Ἀνέρες
1469 2422 1580 2469 ἐστὲ,
1595 2423 1720 2471 φίλοι,
1737 2417 1880 2470 μνήσει.

623 2481 694 2515 σέτε
707 2476 749 2516 s}
763 2478 922 2529 502'1521805
937 2477 1067 2516 ἀλκῆς.
1085 2491 1202 2531 quare
1217 2490 1295 2517 non
1307 2477 1490 2524 dubitem,
1511 2477 1628 2528 ἐινέρες
1639 2472 1812 2514 excidisse
1827 2486 1877 2512 ex

621 2530 812 2580 Lucieno,
829 2532 919 2586 quia
934 2543 1035 2572 amat
1049 2532 1216 2587 integros
1229 2531 1361 2575 versus
1373 2531 1578 2573 adducere:
1593 2527 1698 2592 ὀργῆς
1713 2539 1809 2569 vero
1823 2538 1889 2577 req
