2015 3490
642 263 739 322 480
842 227 1718 308 ANNOTATIONES

640 351 746 402 apud
760 345 968 390 Nosti‘um
958 361 1098 390 iterum
1122 350 1300 390 mendose
1320 350 1492 403 legatur
1496 357 1582 402 Ερμ.
1595 365 1627 391 c.
1641 365 1707 404 79.
1729 351 1784 393 At
1807 352 1910 392 recle

643 405 751 443 hice.
767 404 837 451 28,
855 404 895 454 &
909 405 1076 457 Ἀπσκηρ.
1089 417 1122 444 c.
1139 404 1175 443 8.
1191 404 1308 457 Aqua
1321 416 1634 457 nempeveteres‚
1649 407 1913 446 utnosetiam-

641 458 738 497 num
753 470 887 504 arena,
904 469 1058 520 tempus
1071 457 1336 498 metiebantur
1348 460 1448 499 Vide
1459 463 1575 499 Rho-3.
1585 472 1618 499 c.
1633 473 1697 513 35,
1708 462 1798 512 προς
1811 455 1912 511 nisae

642 512 915 571 μεμετρημένον
929 512 1068 564 λέγειν.
1082 511 1241 551 SOLAN.

701 565 780 602 ibid.
795 568 842 602 To
857 562 973 614 uscue)
991 565 1046 604 Cle
1041 565 1111 618 psy
1111 567 1184 603 dra.
1198 562 1337 605 BROD.

697 620 770 657 ead.
784 619 806 656 l.
824 631 880 656 11.
897 623 978 656 Πλε
964 619 1051 658 lom
1041 581 1277 672 pupae-niffen)
1292 619 1496 670 Pluribuss
1461 617 1652 672 suffiaglis.
1667 619 1808 659 BROD.
1823 619 1912 660 Ine-

644 684 710 724 pte
725 671 815 712 olim
835 673 1040 724 interpres:
1057 672 1162 711 Immo
1175 673 1288 736 plures
1304 674 1382 712 volo
1394 674 1534 713 vincere.
1554 673 1750 726 ignoravit
1769 672 1910 725 ellipti-

643 738 729 764 cam
744 725 1003 774 locutionem,
1023 726 1063 765 ὃ(
1077 725 1197 765 deesse
1210 725 1359 775 «inpone.
1375 725 1437 765 Est
1455 727 1558 766 enim
1571 727 1752 780 ‚pluribus
1768 727 1912 766 calcuh's

642 780 782 819 vincere.
797 779 886 819 Sic‘
870 779 1047 818 απάσοιις
1059 778 1202 831 κρατεῖν
1215 780 1308 818 dixit
1318 780 1473 820 auftor
1465 786 1518 819 int
1521 793 1561 819 ra
1571 793 1654 834 cap.
1671 794 1732 834 39.
1742 779 1814 821 Sed
1831 780 1911 820 vid.

642 833 1014 886 quidnotaverimin
1025 833 1112 885 ellip
1115 831 1138 871 Γ.
1153 833 1224 873 Gr.
1236 833 1278 872 L.
1291 833 1389 872 Bos.

699 889 773 926 ead.
787 887 810 924 l.
827 901 885 952 14.
899 891 962 924 Ha
964 886 1035 939 ρὰ)
1060 887 1118 926 Ex
1133 885 1231 926 Cod.
1252 885 1331 926 Ox.
1346 886 1390 925 L.
1411 866 1504 926 &R
1518 886 1759 926 restituimus.
1777 885 1913 926 Inim-

645 939 776 993 preffis
789 956 856 992 περ
859 941 870 978 i
883 940 1012 992 ‚quod
1025 940 1133 979 nihili
1147 940 1212 979 est.
1228 940 1385 980 SOLAN.
1403 945 1456 979 Πε
1457 939 1506 993 pi)
1521 939 1739 990 ‘trapetiuffit
1751 953 1913 992 repone-

643 1007 686 1033 re
699 994 799 1033 Sola
792 1006 877 1040 tus,
883 970 929 1032 ’ἃ
943 993 1114 1033 usitatius
1126 993 1167 1034 ὃ(
1176 993 1314 1033 reffius
1326 994 1496 1047 quidem,
1513 1006 1556 1033 ac
1569 993 1694 1033 forsan
1707 994 1825 1033 menti
1836 994 1910 1034 Lu-

643 1048 742 1087 ciani
754 1048 1063 1095 convenientius,
1078 1048 1185 1101 quod
1199 1047 1350 1087 videtur
1360 1046 1572 1100 significate
1583 1047 1695 1094 velle,
1709 1047 1823 1101 quales
1828 1048 1914 1099 fue-

644 1117 673 1139 r·
675 1117 750 1140 mus
757 1117 820 1155 per
830 1103 962 1147 vitam,
977 1103 1082 1141 dum
1070 1117 1105 1140 m
1119 1102 1193 1140 vita
1207 1102 1363 1163 ffmus,
1375 1112 1420 1140 ut
1439 1111 1664 1154 opponatur
1679 1100 1793 1141 statui
1805 1114 1913 1141 mor-

645 1166 826 1201 tuorum
841 1156 879 1194 in
893 1168 974 1207 quo
987 1168 1088 1194 nunc
1103 1159 1223 1202 erant,
1239 1155 1278 1194 &
1289 1156 1514 1218 quicunque
1527 1155 1649 1202 volet,
1665 1154 1763 1196 hanc
1777 1154 1913 1195 leffioa

646 1221 734 1248 nem
753 1210 919 1269 arripere
935 1208 1068 1262 potest.
1084 1209 1269 1249 Ceterum
1289 1224 1340 1248 ετξ
1343 1209 1372 1261 pi
1395 1222 1483 1248 cum
1499 1207 1722 1248 accusativo
1735 1237 1747 1256 ‚
1766 1208 1914 1273 profi-

646 1266 804 1308 cundum
820 1264 934 1301 ctiam
948 1263 1105 1303 Aristot.
1118 1262 1242 1302 IHist.
1260 1262 1425 1302 Animal.
1439 1275 1473 1301 c.
1488 1275 1522 1308 ι,
1536 1275 1571 1314 p.
1585 1275 1634 1301 m.
1648 1261 1747 1311 827:
1762 1259 1913 1313 ὕστερον

646 1315 692 1354 s}
677 1317 790 1366 emp}
805 1313 966 1355 ἕκαστον
985 1331 1034 1370 γε
1019 1315 1091 1356 {vos
1107 1313 1384 1356 {meritant-‘tec
1405 1314 1530 1368 ἐροῦμε
1532 1331 1558 1355 ν.
1580 1315 1637 1355 Ita
1654 1326 1698 1355 ut
1714 1316 1831 1355 etiam
1849 1315 1913 1357 hic
1942 1315 1958 1322 ’

647 1369 860 1423 significare
872 1368 985 1423 posfit
998 1384 1057 1422 ap
1071 1371 1225 1410 Lucian.
1235 1369 1470 1424 pervelcirca
1482 1371 1599 1409 vitam.
1613 1369 1788 1422 Utplura
1800 1368 1916 1410 simil.
1943 1417 1950 1421 ,

645 1404 863 1464 testimon-ia
881 1424 1067 1463 omittam.
1083 1424 1237 1463 Interim
1249 1425 1358 1475 παρὰ
1371 1435 1499 1463 tamen
1513 1436 1562 1463 ex
1577 1423 1694 1463 trium
1709 1422 1832 1464 Codd.
1845 1436 1915 1464 au·
1952 1419 1961 1446 .·

649 1478 831 1517 &oritate
842 1477 1104 1539 reponendum
1118 1478 1249 1524 credo,
1261 1488 1304 1517 ut
1317 1478 1430 1517 etiam
1443 1477 1575 1517 deinde
1585 1476 1735 1528 Catapl.
1749 1489 1833 1530 cap
1845 1492 1916 1530 23,

646 1532 713 1572 ubi
726 1532 851 1572 haecv
854 1532 961 1571 ariat
964 1545 990 1570 ο
1001 1548 1050 1571 πε
1052 1532 1254 1584 ρὶδιπαρέι
1266 1546 1329 1570 τον
1338 1531 1427 1576 βων
1420 1542 1557 1570 iterum
1569 1532 1752 1571 occurrit.
1760 1530 1910 1572 Ruti-z.
1918 1550 1942 1569 ι

703 1587 934 1639 Pag.143.l
949 1601 985 1634 4.
1000 1549 1154 1638 Ρίιτως)
1175 1585 1426 1624 Valedixerat
1443 1597 1537 1638 ergo
1558 1585 1632 1624 iam
1653 1585 1917 1633 Rhetoricae,-

647 1652 737 1679 cum
761 1639 947 1678 eiusmodi
961 1639 1151 1692 Dialogos
1169 1649 1235 1678 aut
1251 1638 1401 1678 libellos
1414 1638 1606 1691 aggressus
1626 1637 1699 1679 est:
1716 1638 1873 1691 quodip
1875 1637 1914 1679 se

647 1707 744 1733 mox
759 1694 904 1745 plenius
917 1693 1098 1732 fatebitur
1111 1706 1143 1733 c.
1169 1707 1217 1747 29
1229 1723 1240 1741 ‚
1255 1692 1518 1746 rationesque,
1531 1693 1673 1746 quibus
1687 1653 1873 1733 1ηάυᾶυέ
1873 1692 1915 1732 id

645 1746 800 1794 iecerit,
815 1746 998 1786 edifferet.
1010 1747 1169 1787 SOLAN.
1927 1751 1930 1754 ’

703 1804 777 1841 ead.
791 1801 815 1839 l.
833 1815 891 1841 10.
903 1805 949 1838 To
961 1800 1082 1849 μηέεν
1098 1800 1226 1854 ὅντων)
1239 1799 1319 1841 Sic
1310 1812 1447 1840 iterum
1458 1800 1652 1840 Lucianus
1665 1803 1784 1840 Μισῖὺ.
1798 1811 1834 1839 c.
1849 1799 1914 1847 16,

648 1855 789 1894 &Am
806 1868 839 1894 c
859 1868 919 1894 20.
935 1854 1092 1894 SOLAN.

704 1912 777 1947 ead.
793 1908 817 1946 l.
837 1922 894 1946 11.
907 1908 1020 1965 Προς)
1035 1908 1139 1947 Male
1155 1908 1352 1961 legebatur
1365 1919 1476 1948 antea
1497 1908 1535 1946 in
1551 1906 1736 1961 plerisque
1748 1906 1828 1959 πρό.
1841 1906 1914 1947 Sed

648 1962 734 2001 Mff.
749 1961 872 2002 Codd.
888 1961 928 2001 P.
940 1961 982 2002 Ι...
998 1963 1038 2002 &
1054 1964 1091 2000 S
1107 1964 1163 2003 ed.
1176 1963 1351 2015 restem-,¹
1339 1977 1386 2002 on
1397 1962 1555 2002 SOLAN.

703 2017 796 2067 Pag
812 2029 896 2065 144.
908 2017 931 2053 l.
945 2031 979 2070 3.
993 2016 1228 2067 Ἀριστοφάιε
1214 2017 1329 2056 ειδις.
1341 2016 1419 2068 )In
1437 2015 1612 2054 Nebulis.
1623 2015 1761 2054 BROD.
1775 2013 1839 2054 De
1856 1991 1920 2054 his

645 2068 788 2121 priscae
808 2070 1036 2109 comoediae
1048 2069 1292 2123 scriptoribus
1306 2071 1444 2109 Horat.
1457 2069 1532 2109 Sat.
1553 2084 1590 2117 4.
1607 2068 1766 2122 Eupolis
1780 2067 1935 2107 floruit..

648 2123 699 2162 88
715 2123 977 2177 Olympiade,
984 2125 1169 2185 principe
1181 2124 1450 2177 Apollodoro,
1471 2135 1513 2162 ut
1533 2121 1719 2162 Eusebius
1730 2120 1921 2162 observas

646 2178 726 2225 vit,
744 2178 855 2216 huius
878 2178 1051 2217 meminit
1067 2177 1147 2218 Cic.
1173 2179 1212 2216 in
1235 2178 1370 2217 Bruto.
1391 2178 1532 2229 Baptas
1553 2175 1716 2216 eiusdem
1739 2174 1867 2214 fabula
1890 2187 1915 2214 a

648 2231 781 2271 nostro
792 2232 967 2272 Luciano
983 2232 1146 2272 celebrat
1150 2245 1207 2271 ur.
1227 2231 1373 2271 COGN.
1392 2230 1692 2283 Aristophanem
1705 2229 1812 2282 quod
1828 2229 1920 2268 atti-

649 2298 738 2331 net,
758 2298 817 2325 res
831 2298 881 2325 ex
898 2286 1075 2325 Nubibus
1089 2285 1172 2325 satis
1192 2285 1390 2332 nota31ed
1410 2285 1571 2345 Eupolis
1585 2284 1674 2345 quid
1691 2282 1917 2335 designarit,

648 2316 779 2379 nesc’io
793 2353 842 2378 an
856 2353 905 2378 ex
917 2339 998 2379 aliis
1017 2339 1170 2393 liqueat.
1184 2340 1275 2379 Vid.
1290 2339 1381 2392 quid
1394 2351 1467 2378 nos
1482 2338 1757 2378 coniecerimus
1777 2337 1824 2377 ad
1843 2340 1915 2389 Hp.

650 2405 688 2432 λ.
705 2406 738 2431 c.
754 2408 791 2443 7.
809 2392 968 2433 SOLAN.

704 2449 778 2486 ead.
791 2448 815 2486 l.
828 2448 863 2485 8.
875 2446 1218 2512 03205)Bacclzus.
1235 2447 1375 2486 BROD.
1915 2476 1922 2481 .

705 2504 779 2539 ead.
792 2502 815 2539 l.
831 2515 867 2554 9.
879 2500 967 2540 Τους
981 2501 1166 2562 ἀρίστους)
1183 2501 1375 2553 Frequent
1378 2513 1417 2540 es
1438 2513 1482 2540 ea
1497 2510 1622 2539 aetate
1637 2499 1810 2538 virorum
1826 2509 1917 2551 eng·

649 2553 703 2594 dit
706 2567 818 2596 orum
830 2554 984 2609 circuli,
1002 2556 1039 2595 in
1055 2556 1194 2610 quibus
1206 2554 1375 2609 fulgebat
1390 2553 1539 2597 Noster.
1558 2553 1718 2594 SOLAN.
