2015 3490
660 235 763 283 ,234
915 216 1676 265 LUCIANUS

669 341 777 407 προς
787 311 882 367 τινα
895 313 1044 376 τοίξιν
1035 311 1374 385 εσκευασμένων,
1396 312 1540 367 εἰδέναι
1561 318 1634 379 ἐφ’
1653 314 1695 371 ὁ,
1717 338 1765 366 τι
1760 339 1930 407 πρωτον

668 395 692 451 37
676 385 935 462 δεύτερον
893 413 962 452 την
977 413 1104 462 χειρα
1120 388 1299 456 ὲνέγκης·
1322 387 1651 452 ὑποβλέπειν
1604 398 1668 443 οὑν
1683 393 1725 449 ἐς
1735 415 1798 444 τον
1812 405 1930 452 πλη-

670 489 753 518 σιον
775 465 931 526 ὃεησει,
955 470 1142 519 κοίκεῖνον
1168 467 1312 530 ζηλουν
1335 490 1412 518 και
1434 468 1650 536 μανθάνειν
1674 490 1746 517 του
1721 467 1930 519 δείπνου

590 549 647 592 16
670 566 737 602 την
759 546 1021 594 ἀκολουθίαν.
1044 540 1124 593 Ta
1145 542 1188 592 δ’
1209 540 1344 629 αλλοο
1362 549 1554 600 ποικιλος
1575 565 1628 597 ει,
1649 565 1725 594 και
1704 538 1930 631 θορυβου

669 615 817 675 πλέως
836 641 903 678 την
932 618 1102 684 ψυχην,
1125 640 1224 688 προς
1247 639 1419 669 εκαστα
1445 643 1523 669 των
1548 614 1840 709 πραττομένων
1861 620 1932 669 ὲκ-

669 689 992 782 πεπληγμενος.
1021 717 1097 744 και
1119 692 1208 763 αρτι
1235 685 1310 761 μὲν
1334 689 1678 763 εὐδαιμονίζεις
1639 717 1703 744 τον
1727 692 1931 746 πλουσιον

667 770 738 821 τοῧ
758 769 916 841 χρυσοῦ
929 806 939 823 ,
962 792 1039 819 και
1059 793 1128 820 του
1151 765 1405 831 ἐλέφαντος,
1428 792 1506 820 και
1528 793 1597 829 της
1615 767 1819 830 τοσαύτης
1839 793 1929 839 τρυ-

671 857 768 907 φης
800 844 892 917 ἄρτι
919 836 985 899 δε,
1014 850 1214 940 οἰκτείρεις
1234 858 1428 899 σεαυτον,
1453 846 1508 902 ὡς
1527 868 1571 895 το
1590 837 1765 913 μηδεν
1737 868 1814 900 ων,
1838 845 1931 896 εἶτα

669 923 740 984 ζῆν
760 920 1106 989 ὑπολαμβάνεις.
1135 923 1251 971 ἐνίοτε
1273 913 1318 971 δε
1337 923 1505 972 κοίκεινο
1527 918 1766 993 εἰσέρχεταί
1781 943 1853 975 σε,
1877 922 1933 978 ὡς

671 997 848 1061 ζηλωτον
865 1004 959 1047 τινα
977 996 1116 1062 βιώσῃ
1135 1019 1198 1047 τον
1221 994 1388 1056 βιώον,
1361 1019 1529 1048 απασιν
1558 999 1714 1055 ἐκείνοις
1728 994 1932 1092 ἐντρυφή-

671 1096 777 1127 σων,
805 1096 882 1123 και
907 1070 1084 1140 μεθέξων
1113 1071 1249 1123 αὐτων
1280 1073 1323 1134 ἐξ
1352 1079 1574 1141 ἰσοτιμίας.
1605 1095 1672 1124 οιει
1692 1095 1782 1139 ’γαρ
1803 1069 1932 1124 εἱσαει

671 1145 913 1200 Διονυσια
901 1171 1123 1216 εορτασειν,
1153 1154 1235 1199 καί
1249 1171 1331 1200 που
1351 1172 1428 1199 και
1448 1171 1653 1220 μειρακια
1680 1170 1817 1219 ωραια
1836 1148 1932 1198 δια-

670 1222 918 1293 κονούμενα,
942 1247 1019 1275 και
1046 1246 1181 1314 ηρεμα
1206 1223 1567 1295 προσμειὸιωντα,
1590 1234 1734 1287 γλαφ
1738 1245 1934 1295 υρωτεραν

670 1300 920 1390 ὑπογραφει
939 1323 1006 1350 σοι
1025 1324 1092 1360 την
1107 1297 1359 1370 μελλουσαν
1374 1297 1602 1371 ὃιατριβην·
1619 1320 1728 1350 ωστε
1752 1321 1936 1362 συνεχως

669 1397 714 1426 το
731 1371 993 1449 Ομηρικον
983 1397 1102 1427 εκειιο
1123 1372 1463 1440 φθέγγεσθαι,

785 1457 928 1511 Οὐ
883 1482 1045 1529 νεμεσις
1066 1458 1219 1533 Τρωας
1245 1482 1324 1511 και
1347 1456 1597 1527 εὑκνημιὸας
1617 1454 1822 1521 Ἀχαιοῦς

668 1582 744 1622 fitis
764 1583 908 1630 variis,
934 1584 1067 1624 ordine
1093 1584 1264 1638 quodam
1294 1583 1468 1632 stru-fiis,
1495 1583 1588 1623 scire
1610 1583 1657 1622 ad
1687 1583 1778 1637 quid
1807 1582 1938 1637 primo

667 1656 737 1684 aut
755 1644 886 1698 postea
903 1659 1060 1685 manum
1086 1646 1268 1699 porrigas.
1296 1645 1443 1684 Furtim
1466 1645 1580 1698 igitur
1600 1643 1786 1698 respicere
1807 1645 1852 1684 ad
1873 1645 1938 1685 vi-

669 1708 797 1746 cinum
826 1707 1047 1760 oportebit,
1075 1707 1116 1746 δι
1140 1706 1248 1746 illum
1271 1706 1408 1745 imitari
1423 1733 1441 1752 ,ι
1458 1706 1499 1745 &
1522 1706 1570 1745 ab
1592 1706 1657 1746 illo
1682 1705 1820 1747 discere
1844 1719 1937 1746 coe-

669 1782 743 1809 nae
762 1770 950 1810 ordinem.
970 1769 1156 1810 Ceterum
1170 1769 1300 1809 varius
1318 1782 1378 1817 es,
1400 1768 1440 1808 &
1456 1767 1625 1808 tumultu
1641 1768 1758 1808 animi
1778 1768 1938 1822 plenus,

669 1831 915 1884 perturbatus
931 1831 979 1871 ad
996 1830 1154 1884 singula,
1172 1843 1271 1884 quae
1289 1829 1408 1870 fiunt:
1432 1830 1472 1870 δι
1486 1843 1590 1870 nunc
1605 1830 1758 1884 quidem
1778 1830 1937 1870 beatum

668 1894 863 1947 praedicas
883 1894 1046 1934 divitem
1066 1894 1148 1934 auri
1164 1892 1274 1933 causa
1291 1893 1331 1933 &
1346 1893 1472 1933 eboris
1484 1923 1498 1939 ‚
1522 1892 1563 1932 δι
1576 1903 1769 1933 tantarum
1785 1892 1937 1932 delicia·

669 1967 779 1994 rum:
808 1955 881 1994 iam
905 1967 1004 1994 vero
1029 1964 1067 1993 te
1097 1952 1348 2000 miserabere,
1375 1953 1442 2006 qui
1468 1966 1556 1993 cum
1583 1953 1678 1992 nihil
1707 1952 1754 1992 fis
1778 1955 1826 1992 ad
1848 1954 1938 1994 hunc

668 2026 885 2068 comparatus
913 2016 1070 2063 divitem,
1098 2014 1233 2055 vivere
1265 2026 1393 2054 tamen
1424 2026 1462 2054 te
1495 2014 1714 2054 arbitreris:
1754 2027 1938 2056 nonnun-

668 2090 785 2130 quam
811 2089 908 2116 vero
927 2077 1019 2116 illud
1046 2089 1206 2129 quoque
1231 2075 1269 2114 in
1294 2087 1463 2114 mentem
1484 2075 1553 2114 tibi
1572 2075 1724 2122 veniet,
1748 2090 1864 2129 quam
1881 2077 1938 2117 in-

668 2140 871 2179 videndam
894 2139 1068 2180 viRurus
1094 2139 1141 2179 sis
1165 2140 1283 2178 vitam
1299 2170 1311 2188 ,
1333 2139 1398 2191 qui
1423 2138 1469 2178 ad
1493 2138 1644 2179 delicias
1665 2138 1784 2193 usque
1809 2127 1938 2180 omni-

667 2202 740 2242 bus
764 2202 834 2242 illis
854 2201 1016 2250 usurus,
1033 2204 1071 2241 ἃ
1087 2214 1216 2255 aequo
1238 2202 1321 2241 iure
1338 2201 1531 2254 particeps
1546 2201 1699 2242 illorum
1716 2201 1866 2242 futurus
1876 2201 1935 2243 fis.

667 2265 820 2305 Putabis
846 2266 1048 2313 nimirum,
1078 2265 1225 2318 semper
1251 2276 1289 2304 te
1317 2264 1491 2304 aRurum
1519 2263 1726 2316 Dionysia.
1747 2265 1808 2306 Ac
1835 2265 1937 2308 forte

667 2325 779 2365 etiam
802 2324 1243 2367 adolescentuliformosi
1264 2325 1539 2373 ministrantes,
1563 2325 1751 2366 &leviter
1771 2327 1937 2367 arriden-

667 2396 744 2435 tes,
761 2388 1020 2428 venustiorem
1041 2388 1110 2427 tibi
1126 2387 1296 2429 futuram
1312 2388 1470 2428 vivendi
1484 2388 1747 2430 conditionem
1760 2390 1937 2446 pingunt,

669 2448 727 2487 uti
748 2446 895 2502 semper
919 2450 1176 2489 Homericum
1201 2449 1292 2489 illud
1313 2449 1435 2490 dicas:

779 2519 863 2560 Non
878 2520 997 2573 pigeat
1026 2520 1202 2576 Troasque
1224 2521 1347 2563 ocreati
1375 2521 1410 2560 δ’
1433 2520 1539 2562 cruris
1555 2521 1709 2563 Achivos
