2015 3490
662 287 754 334 452
853 232 1720 314 ANNoTATIONEs

662 357 878 409 exemplum
896 355 1026 404 affert,
1038 355 1138 395 unde
1151 366 1279 403 certo,
1294 355 1383 407 quid
1394 353 1530 402 fuerit,
1546 355 1702 395 constet.
1718 355 1845 396 Affert
1859 364 1922 396 tao'
1985 387 2001 397 „

663 423 751 450 men
765 424 813 449 ex
827 410 1037 449 Ammonio
1052 410 1182 448 locum
1203 409 1408 459 Menagius
1417 437 1430 453 ,
1442 408 1542 447 unde
1553 409 1641 460 quid
1652 408 1696 447 stt
1707 411 1846 461 θερίζων
1859 410 1922 449 so·
1998 435 2002 446 .

663 463 806 517 phisma
819 495 830 511 ,
849 464 992 516 liquere
1011 472 1129 514 putat.
1152 461 1223 501 Sed
1245 474 1292 500 ex
1306 461 1501 500 Ammonii
1515 463 1642 501 verbis
1657 462 1744 501 licet
1766 464 1920 515 quidem
1998 480 2002 504 τ

664 518 880 562 coniicere,
895 517 986 568 quid
999 516 1145 567 θερίζων
1167 513 1301 561 fuerit3
1325 527 1405 553 non
1426 527 1551 553 autem
1575 515 1705 554 diserte
1726 517 1922 556 docemur.
1995 516 2002 558 ἑ

662 570 764 609 Vide
783 571 933 621 Menag.
957 579 1036 608 not.
1054 569 1100 607 ad
1120 567 1237 619 Diog.
1251 568 1375 607 La'e‘rr.
1391 581 1426 620 p.
1447 569 1513 608 161
1539 568 1587 606 A.
1604 568 1644 607 δι
1666 569 1921 608 Ammonium
1994 589 2001 610 ‚1

660 623 780 676 ipsum
797 637 831 675 p.
845 637 893 662 m.
912 622 983 661 108
997 635 1029 660 3.
1043 623 1175 660 Huius
1193 621 1422 660 solutionem
1444 622 1607 660 nummis
1619 620 1687 660 CC
1701 620 1829 661 emiffe
1844 623 1917 661 Ze·

662 689 804 715 nonem
815 707 827 723 ‚
844 676 1049 715 memoriae
1062 675 1225 726 prodidit
1243 673 1360 725 Diog.
1376 674 1501 713 Laert.
1518 687 1590 723 170
1604 674 1691 714 CD.
1703 675 1793 714 Vid.
1806 677 1921 715 etiam

661 730 825 769 eundem
845 743 919 778 174
934 729 974 768 E.
986 729 1082 767 Plut.
1095 728 1140 766 de
1151 727 1233 766 fato
1245 757 1256 772 ,
1276 725 1344 765 sub
1357 725 1421 765 fin.
1434 726 1590 766 SOLAN.

716 783 797 822 ibid.
809 781 1052 834 Κυριεύοντα)
1076 781 1220 827 Huius,
1237 781 1326 819 dum
1348 780 1418 818 alia
1438 780 1556 819 multa
1571 780 1736 820 recenset
1749 780 1919 834 Diogen.

663 836 792 876 Laert.
811 836 952 875 oblitus
966 835 1132 880 videtur,
1144 847 1180 886 p.
1194 835 1245 873 60
1257 834 1306 873 A.
1319 832 1359 872 &
1376 847 1449 882 174
1463 833 1504 872 E.
1520 833 1567 872 Et
1579 834 1706 873 noster
1723 834 1820 874 infra
1838 848 1920 887 cap.

664 904 727 940 25.
745 890 827 928 Nec
847 890 936 941 quid
950 888 1015 934 fit,
1028 888 1245 927 coniectura
1265 885 1406 938 affequi
1426 885 1594 939 poss'um3
1609 886 1676 925 nifi
1690 888 1774 940 quis
1791 887 1918 927 forsan

662 944 849 993 κερατίνην
865 942 930 980 vel
949 941 1128 994 κεράτινον
1149 953 1335 993 reponere
1348 940 1458 985 velit,
1473 941 1578 991 quod
1599 941 1752 981 minime
1775 941 1919 995 placet,

662 995 730 1035 nisi
743 996 893 1035 accedat
906 995 1062 1034 alicuius
1074 994 1226 1034 Codicis
1239 993 1454 1033 aufloritas.
1469 993 1625 1032 SOLAN.

718 1053 790 1089 ead.
803 1051 824 1087 l.
841 1062 878 1100 9.
893 1047 1116 1101 Ἠλέκτραν)
1139 1048 1246 1086 Haec
1265 1047 1344 1086 duo
1358 1046 1565 1097 posteriora
1583 1046 1822 1100 Chrysippus
1843 1046 1920 1100 ipse

662 1103 877 1142 Lucianeus
900 1102 1082 1152 exemplis
1108 1099 1316 1140 illustrabit.
1340 1100 1426 1139 Alia
1449 1099 1612 1140 eiusdem
1635 1100 1774 1140 farinae
1789 1102 1922 1141 videre

692 1156 729 1195 ui
743 1156 870 1202 volet,
885 1155 992 1194 adeat
1013 1155 1133 1207 Diog.
1149 1155 1272 1194 Laert.
1288 1153 1499 1193 ianuclide
1518 1167 1553 1206 p.
1567 1153 1618 1193 60
1630 1154 1678 1193 A.
1698 1167 1770 1204 174
1785 1154 1827 1194 E.
1845 1154 1915 1208 183

662 1170 704 1248 ἓ.
713 1209 956 1260 ψευδόμενος,
967 1208 1231 1254 διαλανθάνων,
1243 1206 1436 1258 Ἠλέκτρα,
1447 1207 1793 1257 ἐγκεκαλυμμένος,
1804 1213 1919 1259 σωρεί-

661 1276 744 1309 της,
767 1262 949 1312 κερατίνης
971 1262 1012 1301 &
1037 1261 1242 1312 φαλακρός.
1268 1261 1309 1300 &
1333 1260 1435 1312 apud
1458 1260 1553 1299 Plut.
1575 1260 1598 1298 l.
1618 1273 1650 1300 c.
1671 1260 1799 1313 ἀργός.
1822 1274 1920 1314 quae

663 1316 790 1354 omnia
803 1316 956 1368 Logicis
969 1313 1088 1354 fufius
1100 1313 1317 1368 explicanda
1330 1313 1646 1366 relinquimus.V.
1659 1312 1817 1353 Creffol.
1828 1314 1921 1356 AG.

661 1369 699 1409 X
766 1383 801 1408 0.
817 1369 974 1408 SoLAN.

712 1384 795 1461 ’iliid
816 1420 1188 1476 Ἐγκεκαλυμμένον)
1209 1420 1360 1461 Αυᾶοτ
1381 1419 1495 1459 huius
1516 1419 1670 1460 Cronus
1689 1419 1889 1461 Diodorus
1904 1450 1918 1470 ‚

661 1475 754 1516 teste
767 1475 938 1528 Diogen.
953 1475 1078 1515 Laert.
1093 1487 1176 1527 pag.
1191 1475 1241 1514 60
1257 1473 1281 1514 f.
1301 1475 1471 1513 meminit
1493 1473 1532 1513 &
1550 1474 1655 1521 alibi,
1671 1486 1714 1513 ut
1733 1488 1806 1522 174
1820 1475 1862 1514 E.
1877 1476 1918 1515 &

663 1543 738 1569 212
755 1529 833 1569 BC.
849 1529 915 1568 ubi
928 1529 1066 1568 librum
1084 1541 1105 1567 a
1118 1526 1339 1580 Chrysippo
1355 1528 1400 1566 de
1415 1540 1464 1567 eo
1482 1526 1660 1580 scriptum
1680 1528 1802 1567 tradit.
1816 1529 1918 1568 Hinc
1934 1553 1938 1572 ‚-

659 1584 776 1622 credo
796 1583 951 1622 ductum
974 1595 1115 1622 nornen
1129 1580 1277 1621 fabulae
1293 1581 1504 1634 Anthippi,
1518 1594 1634 1634 quam
1653 1592 1842 1621 memorat
1857 1582 1919 1621 A-

659 1636 763 1676 then.
777 1649 850 1689 403
867 1636 908 1675 E.
924 1636 1271 1689 ἐγκαλυπτόμενος.
1285 1635 1441 1674 SOLAN.

717 1691 806 1742 Pag.
825 1704 909 1738 107.
922 1691 945 1728 l.
961 1703 975 1728 1
987 1704 1019 1728 2.
1032 1691 1088 1726 Τὰ
1101 1688 1233 1740 πρῶτα
1247 1691 1351 1727 κατὰ
1362 1687 1499 1741 φύσιν)
1512 1687 1727 1727 Notaverat
1738 1687 1783 1728 cl.
1798 1689 1918 1728 Hem-

660 1743 770 1782 sterh.
789 1744 833 1782 ad
849 1756 966 1795 marg.
985 1743 1042 1782 ed.
1065 1741 1208 1782 GraeV.
1231 1740 1366 1780 Davis.
1384 1742 1429 1780 ad
1443 1740 1527 1781 Cic.
1541 1740 1655 1781 Tusc.
1678 1741 1788 1794 Disp.
1810 1742 1850 1780 L.
1863 1743 1918 1792 V,

660 1810 698 1849 p.
720 1797 789 1847 365
806 1796 862 1835 ed.
881 1810 912 1835 2.
927 1797 1023 1835 Sunt
1042 1807 1167 1835 autem
1188 1795 1306 1834 verba
1323 1795 1546 1841 Ciceronis,
1562 1807 1663 1847 quae
1677 1796 1722 1834 ad
1734 1795 1918 1835 illustran-

660 1851 749 1889 dum
764 1848 972 1890 Lucianum
988 1847 1150 1888 faciunt:
1172 1849 1278 1888 Nihil
1289 1851 1422 1896 bonum,
1437 1851 1502 1900 nzst
1511 1850 1712 1888 vacuitatem
1726 1849 1863 1896 doloris,
1878 1862 1918 1888 ut

660 1904 920 1956 Hieronymus:
938 1903 1042 1941 Nihil
1060 1904 1182 1942 bonum
1197 1933 1210 1948 ,
1223 1904 1286 1954 nzfi
1295 1915 1435 1942 naturae
1444 1902 1563 1955 primis
1575 1903 1670 1940 bonis
1683 1912 1750 1945 a'ut
1761 1903 1916 1943 omnibus

658 1970 722 1996 aut
737 1958 896 1996 maximis
904 1956 981 2008 ftui
995 1957 1066 1995 &c.
1080 1957 1160 1996 Ubi
1175 1954 1304 1995 Davis.
1319 1956 1492 2008 pluribus
1503 1955 1753 2001 demonstrat,
1766 1969 1833 2008 per
1840 1957 1915 2010 pri-

657 2027 713 2051 ma
727 2023 867 2050 naturae
880 2008 1081 2063 fignificari
1087 2008 1212 2061 sanam
1225 2021 1380 2059 mentem,
1399 2009 1619 2049 valetudinem
1627 2009 1819 2062 prosperam
1842 2011 1920 2062 6³st

656 2065 869 2117 quafimilia.
888 2064 1032 2103 REITZ.
1885 2076 1893 2085 ’

712 2120 785 2156 ead.
800 2119 824 2157 l.
838 2132 851 2156 1
864 2112 1032 2170 5.''Ossn¹)
1045 2116 1138 2156 Non
1148 2116 1248 2163 vult,
1260 2127 1372 2170 puto,
1383 2115 1597 2168 simpliciter
1608 2115 1809 2156 admoveri
1823 2130 1917 2157 ocu·

656 2170 736 2216 los,
753 2170 812 2210 sed
827 2182 983 2224 propter
997 2171 1187 2210 literarum
1203 2171 1422 2210 tenuitatem
1440 2183 1560 2224 prope
1572 2169 1703 2210 faciem
1719 2170 1915 2224 applicari,

655 2238 755 2278 quae
766 2236 826 2273 res
840 2237 1006 2277 myopas
1020 2224 1151 2263 deinde
1163 2224 1287 2263 efficit.
1300 2224 1429 2264 GEsN.

713 2282 785 2318 ead.
800 2280 822 2316 l.
839 2278 894 2316 16.
911 2277 1190 2329 Σολοικισμῶν)
1212 2277 1397 2324 Σόλοικον,
1418 2290 1497 2317 11011
1516 2279 1763 2327 σολοικισμὸν,
1783 2274 1914 2318 dixisse

653 2343 805 2371 veteres
820 2331 973 2370 testatur
987 2331 1133 2371 Gellius
1144 2332 1196 2377 V,
1210 2344 1241 2370 c.
1265 2344 1326 2370 20.
1342 2330 1517 2370 MENAG.
1532 2330 1782 2380 Σολοικιο-μῶν
1802 2330 1915 2380 {paera-

656 2385 863 2435 πλαμενον,
877 2386 982 2437 quod
1000 2385 1177 2423 nimirum
1192 2384 1309 2424 Stoici
1328 2385 1582 2424 existimarent
1593 2415 1604 2432 ,
1619 2383 1785 2424 soloecas
1800 2383 1914 2423 locu-

653 2439 778 2478 tiones
787 2438 1016 2490 philosopho
1028 2439 1177 2477 minime
1187 2437 1259 2477 effe
1272 2437 1350 2477 refu
1355 2439 1516 2490 giendas.
1526 2437 1749 2477 Plutarchus
1759 2438 1804 2476 de
1814 2437 1916 2476 Stoi-

652 2504 789 2532 corum
805 2492 1061 2543 repugnantiis
1080 2492 1127 2530 T.
1142 2491 1193 2538 11,
1210 2505 1292 2543 pag.
1311 2505 1423 2540 1047,
1434 2492 1479 2530 de
1494 2491 1715 2542 Chrysippo
1727 2490 1845 2529 verba
1857 2489 1915 2529 fa·

651 2546 774 2594 ciens,
793 2544 992 2598 postquam
1009 2545 1167 2585 ostendit
1179 2573 1190 2594 ‚
1204 2544 1466 2600 Chrysippum
1481 2544 1691 2585 Rhetorica
1705 2555 1913 2589 ornamen3
