2015 3490
651 234 741 298 326
999 229 1560 279 V'ARIAE

647 324 739 358 σθαι
750 319 821 356 W.
832 317 874 357 L.
883 316 1092 370 Vulgatam
1105 317 1255 358 servant
1267 319 1348 358 edd.
1399 320 1422 358 l.
1435 333 1471 369 7.
1486 319 1689 374 Κουράλιοο)
1702 319 1790 360 Vid.
1806 325 1905 364 nott:

649 372 674 409 l.
692 372 725 411 8.
739 370 834 424 Βίου)
850 370 966 410 Deest
977 372 1015 409 in
1024 372 1096 410 W.
1108 372 1217 410 male.
1265 373 1287 410 l.
1304 369 1438 423 9.”Ανω
1451 371 1516 411 τοῦ
1525 372 1720 427 ποταμοῦ)
1732 372 1805 413 ἄνω
1816 375 1902 415 τοὺς

648 424 846 474 ποταμοὺς
858 425 899 463 Ι...
926 425 950 462 l.
965 437 978 461 1
987 437 1021 463 0.
1036 423 1281 478 Πκλινῳὸεῖν)
1291 425 1349 464 Sic
1360 425 1460 464 reRe
1469 426 1548 464 edd.
1559 426 1599 464 δι
1610 427 1678 466 W.
1687 426 1902 468 Ποιλννοὲεῖν

649 477 747 515 male
760 476 858 516 Con.
897 477 921 515 l.
936 491 994 524 14.
1004 476 1179 531 Ἑαυτὸν)
1194 480 1333 517 σαυτὴν
1344 478 1385 517 L.
1425 479 1447 516 l.
1463 492 1520 526 17.
1535 479 1753 519 Παλινοὸεῖν
1766 478 1899 532 >Data

649 542 769 582 opera
781 529 999 582 scripturam
1014 531 1154 570 codicis
1166 544 1211 570 ex
1217 529 1420 581 preffimus.
1435 532 1552 571 Solan.
1566 530 1679 583 Quid
1694 533 1792 571 enim
1815 546 1904 585 pec·

648 595 778 623 catum
791 581 856 630 fit,
869 582 1103 622 manifestum
1119 582 1182 622 est.
1196 585 1300 637 Reitz.
1376 586 1461 635 Pag.
1476 598 1564 628 270.
1579 585 1602 623 l.
1619 599 1651 623 1.
1664 584 1845 638 Ὕποὲὺς)
1857 587 1901 627 L.

652 636 692 676 δι
706 648 838 688 margo
852 637 900 674 A.
909 650 923 674 1
937 640 992 675 W.
1005 637 1139 676 melius
1149 650 1263 688 quam
1274 637 1474 690 vulgatum
1486 634 1734 683 ὑποέὑεσῧοω,
1747 639 1851 690 quod
1864 640 1904 680 in

653 689 832 729 omnibus
846 689 927 728 edd.
941 700 1032 728 erat.
1075 690 1100 727 l.
1113 688 1434 743 2.‘'s01-ronpa‘va>1.‹oet)
1442 689 1573 730 Confi.
1588 691 1626 729 δι
1640 692 1720 731 Vo.
1732 690 1909 742 Δὺνωμοιι

653 754 763 782 notat
773 742 946 782 Solanus.
958 741 1028 781 Sed
1042 743 1131 780 nihil
1145 756 1165 781 a
1179 744 1334 796 vulgata
1346 743 1449 782 abire
1460 743 1540 783 edd.
1556 744 1595 783 δι
1611 744 1666 783 Μ.
1694 746 1766 783 ead.
1777 739 1906 799 Ἕχοι)
1941 752 1953 769 ⁴

654 795 714 835 Sic
727 796 808 834 dedi
820 807 867 834 ex
879 797 947 834 W.
965 795 1005 834 δέ
1017 796 1058 834 Ι...
1071 790 1165 847 ”Exn
1176 797 1258 835 edd.
1299 797 1322 834 l.
1338 809 1367 847 5.
1384 797 1453 834 Καὶ
1465 796 1654 845 νικώμενον
1664 797 1696 836 εἰ
1708 797 1810 850 δ’έοι)
1825 798 1906 837 De·

654 848 739 894 sunt
755 849 847 889 haec
861 849 897 886 in
908 850 976 887 W.
1018 851 1042 888 l.
1058 863 1093 899 9.
1104 849 1167 888 Ὧς
1183 848 1280 889 deest
1293 850 1330 888 in
1343 851 1413 888 W.
1458 850 1480 887 l.
1497 850 1554 888 16.
1566 853 1611 887 Tb
1624 849 1641 902 )
1652 849 1769 890 Deest
1781 852 1819 889 'm
1833 852 1906 893 W.

653 902 680 940 l.
696 916 754 954 19.
767 902 830 941 col.
846 915 876 940 1.
890 900 1100 954 Καλοῦσιν)
1119 903 1182 941 καὶ
1197 903 1254 941 hic
1274 915 1345 954 pro
1367 902 1540 940 καλοῦσιν
1552 903 1664 942 habet
1683 903 1730 943 C.
1742 904 1903 945 solanus.

656 957 748 1007 Pag.
763 969 809 997 27
819 969 849 993 1.
865 956 886 992 l.
905 969 939 1006 ⁴3.
955 953 1088 1007 Ταῦτ’)
1100 954 1230 994 ταῦτα
1241 957 1311 994 W.
1338 958 1410 994 ead.
1426 959 1486 994 Ma
1495 957 1560 1006 κρέι
1572 956 1590 1010 )
1601 958 1751 1007 μακρὰν
1763 956 1802 996 Ρ.
1830 957 1853 995 l.
1867 958 1903 996 6.

655 1007 902 1060 Ἀκοὺσηται)
920 1007 1124 1046 ἀκούσεται
1144 1010 1213 1048 W.
1229 1009 1268 1047 ἃ
1284 1008 1336 1048 Fl.
1359 1021 1437 1047 non
1454 1009 1568 1055 male,
1591 1010 1651 1048 sed
1667 1010 1707 1050 δε
1727 1010 1906 1062 vulgata,

658 1074 774 1114 quam
792 1073 938 1101 ceterae
947 1061 1028 1100 edd.
1041 1060 1202 1105 servant,
1218 1061 1329 1102 bona.
1344 1062 1407 1100 nis:
1424 1062 1527 1114 quod
1546 1063 1586 1099 Ρ.
1600 1063 1804 1111 ἀκούονται
1816 1076 1904 1103 cum

658 1116 738 1153 iota
760 1114 970 1165 subscripto
982 1143 992 1162 ‚
1009 1127 1092 1166 quo
1107 1114 1197 1152 nihil
1217 1127 1328 1167 opus.
1385 1116 1406 1152 l.
1420 1129 1457 1160 7.
1476 1114 1574 1168 Σου)
1588 1115 1645 1154 Sic
1659 1116 1700 1155 L.
1714 1117 1837 1164 reste3
1851 1130 1908 1156 σοι

659 1168 741 1207 edd.
782 1169 804 1205 l.
821 1181 878 1206 10.
893 1167 976 1220 Τῷ)
990 1182 1044 1205 τω
1055 1168 1116 1207 vel
1126 1171 1166 1205 τ“ο
1182 1168 1222 1207 L.
1238 1168 1361 1207 dubie.
1413 1168 1503 1219 Pag.
1519 1182 1606 1217 272.
1619 1170 1642 1207 l.
1661 1183 1692 1220 5.
1710 1168 1908 1222 Σαλωνθῳ)

659 1221 701 1259 In
717 1234 832 1274 marg.
843 1219 938 1259 Cod.
952 1221 1000 1259 R.
1019 1221 1162 1259 Bourd.
1180 1222 1362 1270 Ζαλεὺκῳ.
1374 1221 1444 1260 Sed
1457 1221 1648 1273 vulgatam
1661 1221 1814 1261 servant
1826 1223 1910 1262 edd.

660 1275 684 1312 l.
698 1273 732 1312 8.
754 1274 864 1327 Περὶ)
879 1276 984 1322 παρὰ
997 1274 1024 1311 I.
1040 1273 1093 1311 Fi.
1117 1275 1154 1312 δι
1171 1275 1209 1313 L.
1223 1274 1304 1325 περὶ
1319 1274 1384 1313 rel.
1405 1274 1490 1312 Ald.
1506 1277 1545 1313 ἃ
1563 1275 1616 1314 Μ.
1658 1277 1729 1314 ead.
1742 1274 1889 1314 Ἐκεῖνον

660 1325 787 1366 ἒκεῖνον
801 1323 894 1366 εἶναι
905 1329 974 1365 W.
1003 1327 1025 1362 l.
1037 1341 1050 1365 1
1060 1341 1093 1365 2.
1104 1327 1360 1380 Ἐνέιὸόντων)
1373 1328 1434 1366 Sic
1445 1328 1498 1366 Μ.
1511 1327 1549 1366 ὃ(
1561 1328 1641 1367 edd.
1668 1333 1741 1367 ead.
1753 1328 1890 1382 Φυγεῖν

661 1380 785 1433 φυγὴν
797 1383 865 1419 W.
945 1380 1033 1432 Pag.
1052 1394 1137 1432 273.
1156 1381 1178 1419 l.
1191 1393 1228 1429 7.
1251 1380 1404 1431 Καινὴν)
1425 1381 1467 1419 L.
1487 1381 1526 1420 &
1550 1382 1678 1420 Anon.
1702 1383 1803 1420 Κενῖον
1827 1383 1910 1423 edd.

660 1447 797 1474 omnes
808 1434 848 1472 ὅ(
865 1433 917 1473 Μ.
933 1446 1014 1473 exc.
1027 1433 1056 1470 Ι.
1069 1446 1169 1485 quae
1182 1434 1246 1472 καὶ
1259 1432 1328 1473 νῦν.
1389 1435 1411 1472 l.
1428 1448 1485 1472 10.
1496 1435 1730 1484 Ἀπορήο-ευσι
1742 1434 1759 1488 )
1773 1432 1912 1487 ἀπορή-

664 1502 780 1526 σουσιν
798 1487 895 1525 male
906 1487 936 1525 I.
965 1486 1055 1539 Pag.
1071 1488 1189 1537 2741.
1204 1489 1238 1526 6.
1253 1488 1321 1524 Καὶ
1334 1485 1427 1540 τοῖς)
1437 1487 1470 1525 ἐν
1483 1488 1561 1525 τοῖς
1574 1488 1611 1526 P.
1627 1489 1664 1527 &
1679 1501 1795 1540 marg.
1809 1491 1858 1527 A.
1880 1501 1914 1528 ι.

661 1554 739 1579 non
754 1540 862 1579 male.
903 1543 975 1578 ead.
990 1539 1252 1593 Evyaeipcevov)
1267 1541 1540 1594 συγκινούμενον
1551 1541 1595 1580 Β.
1630 1542 1651 1579 l.
1669 1555 1682 1580 1
1696 1555 1726 1592 5.
1739 1541 1915 1607 Eub-1035)

660 1593 835 1633 εἰκότοςΙ.
847 1593 886 1632 &
898 1593 949 1631 Fl.
963 1594 1072 1632 male.
1086 1593 1271 1646 Reliquae
1283 1593 1383 1632 ῐεὲὶε
1399 1607 1487 1633 cum
1501 1595 1556 1633 M.
1603 1595 1626 1632 l.
1646 1608 1701 1647 19.
1719 1595 1780 1634 col.
1802 1608 1832 1634 ι.
1848 1594 1912 1634 ’π’ὺ-

660 1663 734 1740 ’ἕῖῗ
732 1647 791 1739 Z?
801 1646 975 1738 ῗέἓῗέἓζ
987 1647 1243 1740 ἕῗίαῖιζὲἕιζ
1253 1648 1428 1752 ἶῗῖᾱέιῖᾗ
1441 1653 1501 1738 23
1505 1648 1914 1753 53.⁷1'2}“{132.3¹.‘..Y.'a÷¹.1

662 1754 735 1794 Sed
749 1752 864 1793 facilis
876 1752 928 1792 est
942 1753 1149 1800 correffio,
1165 1767 1208 1793 ac
1221 1754 1266 1792 de
1281 1755 1478 1804 permultis
1489 1753 1670 1794 fimilibus
1678 1768 1756 1794 non
1770 1755 1914 1808 semper
1931 1775 1936 1785 ν
2012 1747 2015 1754 ’

662 1808 919 1853 monebimus,
935 1805 994 1845 sed
1008 1818 1192 1858 quantum
1208 1808 1434 1858 poterimus,
1447 1808 1485 1845 in
1501 1807 1656 1847 tranfitu
1669 1810 1915 1860 corrigemus.

664 1861 774 1913 Reitz.
802 1861 878 1898 ibid.
896 1861 920 1898 l.
934 1873 993 1898 21.
1007 1862 1344 1912 Μοιιιροπτύστους)
1359 1860 1404 1899 In
1414 1859 1458 1900 C.
1471 1874 1587 1913 marg.
1600 1862 1912 1914 μακροπτινστοις.

664 1913 736 1955 Sed
750 1914 805 1955 M.
820 1913 1011 1966 vulgatam
1026 1925 1164 1955 tuetur.
1178 1914 1285 1955 Solan
1351 1913 1430 1953 ibid.
1444 1915 1467 1952 l.
1484 1929 1543 1955 22.
1562 1915 1832 1968 Διασὺρουσοι)
1847 1915 1913 1956 Se-

663 1968 880 2020 quebantur
900 1967 961 2005 hic
977 1967 1104 2018 plura,
1125 1966 1186 2006 sed
1199 1981 1249 2007 ex
1268 1967 1343 2007 alio
1362 1966 1503 2007 scholio
1523 1981 1715 2020 perperam
1730 1969 1885 2020 repetita
1898 1999 1914 2016 ,

664 2034 763 2073 quae
775 2020 875 2059 recite
885 2020 1023 2059 delevit
1036 2019 1208 2060 Solanus.
1258 2022 1345 2074 Pag.
1362 2024 1448 2068 276.
1461 2022 1483 2058 l.
1499 2036 1531 2074 3.
1544 2022 1836 2075 Ἀποκηρὺττων)
1849 2022 1911 2062 δῖε

664 2075 763 2115 edidi
775 2086 822 2113 ex
841 2074 882 2114 L.
899 2074 940 2113 &
958 2074 1014 2112 Μ.
1032 2073 1313 2125 Ἀποκννρύττενν
1327 2073 1406 2113 edd.
1461 2075 1482 2112 l.
1502 2089 1537 2126 9.
1550 2072 1913 2129 Ἐθελοκοικὴσοιντοί)

662 2126 975 2169 {oenomaum-am
990 2127 1027 2166 P.
1081 2127 1104 2164 l.
1123 2141 1177 2175 ¹7·
1192 2125 1368 2177 Ἀφθὸνῳ)
1383 2127 1485 2166 Male
1501 2127 1651 2175 ἀφθόνως
1668 2129 1807 2167 editum
1823 2141 1914 2168 erat.

664 2182 756 2233 Pag.
771 2194 858 2230 277.
872 2178 897 2217 l.
907 2194 943 2228 7.
954 2181 1018 2233 T‘o)
1031 2179 1080 2229 τῷ
1092 2181 1189 2219 male
1200 2180 1256 2220 Fl.
1301 2181 1323 2219 l.
1341 2195 1393 2228 ¹4-
1405 2181 1462 2219 Μὴ
1474 2186 1562 2229 ’πρὸς
1578 2181 1672 2234 διε.)
1686 2183 1792 2221 Haec
1804 2182 1844 2222 &
1859 2181 1913 2221 se·

663 2234 819 2286 quentia
830 2233 948 2272 verba
961 2235 1082 2285 usque
1097 2234 1142 2272 ad
1153 2233 1293 2278 αἰτίαν,
1307 2233 1438 2273 desunt
1451 2235 1488 2272 in
1498 2236 1566 2273 W.
1611 2236 1632 2272 l.
1649 2235 1705 2274 16.
1722 2235 1781 2287 Γε)
1795 2235 1911 2275 Abest

665 2288 757 2327 haec
771 2287 955 2340 particula
970 2299 992 2324 a
1005 2286 1060 2325 ΡΙ.
1071 2286 1170 2325 adest
1181 2288 1219 2326 in
1235 2287 1334 2331 aliis,
1348 2288 1437 2326 item
1452 2289 1488 2326 in
1504 2288 1558 2326 M.
1572 2288 1610 2326 δι
1625 2287 1662 2327 Ρ.
1721 2290 1808 2340 Pag.
1824 2288 1913 2337 278.

662 2342 685 2380 I.
703 2355 734 2391 3.
752 2339 854 2379 Μηὲὲ
865 2339 899 2379 ἓν
912 2339 1007 2390 ἃς.)
1017 2338 1135 2388 μηθὲν
1147 2339 1251 2393 ὑγιές
1261 2355 1299 2379 τι
1310 2340 1362 2389 μὴ
1376 2340 1570 2393 ὁμολογεῖν
1582 2341 1650 2378 W.
1663 2341 1717 2379 At
1726 2353 1813 2380 cum
1828 2341 1913 2381 vul-

664 2404 749 2445 gata
763 2393 904 2432 faciunt
920 2393 961 2431 Ρ.
976 2394 1026 2431 H.
1042 2394 1069 2430 I.
1083 2392 1136 2432 Fl.
1183 2394 1206 2431 l.
1222 2407 1235 2431 1
1246 2408 1266 2431 2
1291 2394 1466 2444 Κρείο-σων
1478 2393 1548 2431 τῶν
1560 2393 1673 2448 ἐμῶν)
1685 2395 1850 2444 κρείσσων
1864 2393 1911 2434 δὲ

663 2445 771 2485 πεῖνα
784 2446 925 2485 Bourd.
939 2445 994 2484 At
1006 2446 1057 2485 nil
1068 2455 1216 2484 mutant
1227 2446 1307 2485 edd.
1321 2459 1390 2486 nec
1403 2447 1456 2487 M.
1475 2449 1497 2486 l.
1508 2461 1521 2485 1
1530 2449 1563 2486 6.
1573 2448 1634 2486 col.
1650 2461 1662 2485 1
1671 2447 1825 2500 .Ἤθους)
1837 2440 1913 2487 ῧθοε

661 2511 747 2541 ante
763 2501 868 2554 typis
879 2499 1109 2554 descriptum
1120 2499 1330 2554 legebatur,
1342 2499 1406 2542 sed
1417 2501 1585 2542 mutavit
1597 2500 1723 2542 Solan.
1740 2500 1828 2556 Qui
1842 2512 1914 2549 ηο-Ἰ
