2015 3490
640 260 731 324 564
825 216 1710 302 ANNO'TATIONES

636 358 744 391 vem,
757 342 849 383 scio.
865 342 1024 383 SOLAN.
1036 340 1191 389 Nescio,
1204 340 1298 394 quid
1311 340 1641 382 haereatSolanus
1654 342 1802 384 noster:
1814 356 1907 385 nam

637 398 667 436 si
681 395 923 450 ἐφαρμόττειν
937 408 1112 450 exponas
1125 395 1326 448 adiungere,
1345 396 1533 448 applicare,
1550 408 1632 448 quo
1651 395 1757 437 sensu
1778 397 1842 437 vel
1864 399 1906 438 in

635 450 783 491 Lexicis
795 451 978 497 occurrit,
993 449 1085 488 nihil
1107 447 1255 488 absurdi
1269 448 1382 488 habet
1395 448 1593 496 sententia,
1607 452 1764 490 bacciam
1773 454 1910 498 addere,

626 505 816 559 'adiungere
833 519 921 557 paro
934 503 1202 554 praecedentibus
1217 519 1240 540 a
1253 503 1366 541 teiam
1394 503 1495 542 letzis.
1514 501 1633 543 Conf.
1655 501 1766 555 supra
1789 504 1910 545 Revi-

639 557 731 598 visc.
750 571 784 598 c.
804 558 868 611 38,
882 553 1105 607 κᾴφὴρμοζον
1118 555 1270 607 μεταξὺ
1284 555 1361 595 τοῖς
1373 557 1598 610 λεγομένοις.
1622 556 1772 596 REITz.

695 612 773 655 ibid.
785 613 903 650 Κακος
926 610 1021 663 ἐγὼ)
1040 611 1111 649 W.
1127 609 1165 648 P.
1181 609 1222 648 L¹
1239 609 1279 648 δι
1293 609 1351 649 ed.
1367 610 1458 649 Iunt.
1474 609 1623 649 secutus
1639 609 1719 649 sum
1734 641 1747 658 ,
1770 610 1809 649 in
1823 611 1909 663 qui-

640 665 717 705 bus
735 664 919 705 omnibus
930 665 1024 703 haec
1041 663 1187 716 optime
1206 662 1356 702 habent.
1374 663 1563 716 Reliquae
1577 663 1660 703 edd.
1680 662 1758 703 fere
1774 677 1914 705 omnes

639 718 764 758 κακῶς
778 718 873 772 ἐγὼ,
894 718 999 770 quod
1024 719 1063 756 S.
1079 717 1245 755 mutavit
1268 717 1308 756 in
1321 716 1446 756 κακῶς
1463 715 1560 768 ἔχω.
1582 715 1692 757 Plato
1705 716 1911 758 Phaedone

641 773 699 811 ed.
715 771 824 811 Bafil.
838 784 917 824 pag.
941 785 986 824 33
1001 769 1047 810 C.
1073 770 1143 808 Καὶ
1160 768 1206 809 ὡς
1228 768 1318 808 ἔοικε
1333 769 1402 810 τῶν
1415 771 1551 810 κύκνων
1564 769 1662 809 sou&
1674 771 1910 823 φαυλότερος

643 824 730 876 ὑμῖν
746 821 835 866 εἶναι
850 825 914 865 τὴν
927 824 1110 875 μαντικὴν
1121 824 1198 862 δίς.
1211 823 1369 863 SOLAN.
1392 824 1498 877 Lego
1511 837 1560 864 ex
1574 823 1806 864 editionibus
1817 825 1913 864 anti-

643 880 750 933 quis,
763 880 802 918 δι
815 910 827 927 ,
848 889 946 932 puto
969 878 1174 922 omnibus,
1192 888 1340 929 praeter
1352 877 1472 916 Amst.
1494 877 1526 916 εἰ
1548 876 1601 927 μὴ
1617 877 1742 917 κακῶς
1755 877 1831 931 ἐγὼ
1845 878 1925 920 τὴν-

641 934 836 985 μαντικὶτν,
853 943 895 972 ut
907 931 952 970 sit
966 931 1130 984 elliptica
1142 931 1306 980 locutio,
1323 931 1631 985 intelligaturque
1646 930 1791 982 ἔμαθον,
1803 927 1910 979 aisa,

643 987 709 1028 vel
721 985 840 1026 simile
852 985 1042 1039 quiddam.
1067 984 1194 1025 GEsN.

700 1043 772 1079 ead.
787 1041 811 1078 l.
831 1054 847 1078 1
861 1053 889 1078 1.
903 1038 1060 1077 Πάντων
1077 1036 1332 1090 ἐκλαθόμενος)
1353 1037 1376 1077 ἰ.
1392 1050 1424 1078 e.
1439 1038 1601 1086 omnium,
1623 1051 1723 1091 quae
1741 1039 1823 1093 περὶ
1835 1038 1912 1082 τόν

645 1093 709 1134 ἐπὶ
724 1092 853 1144 μισθῷ
866 1092 1036 1132 συνόντων
1051 1091 1170 1131 literis
1185 1092 1402 1140 mandavit,
1417 1093 1551 1131 oblitus.
1576 1092 1720 1132 BROD.

700 1151 774 1186 ead.
787 1149 810 1186 l.
832 1161 890 1186 12.
912 1144 1121 1198 Ὀο-τράκου
1137 1146 1238 1195 φασὶ
1255 1145 1558 1197 μεταπεσόντος)
1577 1145 1756 1186 Erasmus
1773 1146 1811 1185 in
1828 1159 1913 1199 par.

647 1201 788 1246 oemia,
800 1200 948 1254 Testulae
956 1199 1203 1250 transmutatio.
1216 1200 1356 1239 BROD.
1377 1200 1508 1240 Utitur
1522 1200 1597 1239 hoc
1611 1200 1823 1252 proverbio
1832 1199 1913 1240 Pla-

647 1265 691 1295 to
707 1256 744 1294 in
760 1255 943 1294 Phaedro.
968 1253 1132 1292 VORST.
1148 1253 1342 1293 Nimirum
1357 1266 1441 1307 pag.
1459 1255 1514 1293 ed.
1530 1252 1612 1293 Bas.
1631 1266 1705 1293 200
1720 1254 1765 1294 C.
1779 1254 1914 1294 Utitur

647 1309 763 1348 etiam
779 1308 855 1348 hoc
870 1308 1082 1360 proverbio
1096 1306 1207 1346 Dion
1221 1306 1419 1358 Chrysost.
1441 1322 1485 1359 52
1499 1306 1543 1346 C.
1565 1321 1579 1346 1
1593 1306 1636 1346 18
1649 1308 1698 1347 A.
1713 1307 1758 1347 B.
1780 1310 1847 1361 163
1863 1307 1912 1349 C.

648 1363 750 1402 Vide
761 1393 773 1410 ,
788 1363 881 1415 quid
894 1361 1025 1402 Suidas
1039 1374 1087 1401 ex
1099 1361 1274 1414 Eunapio
1289 1360 1422 1401 afferat
1433 1361 1471 1400 in
1485 1360 1664 1413 ὀστράκου
1676 1361 1917 1414 περιστροφῇ,

649 1417 691 1456 &
704 1416 798 1456 adde
813 1416 957 1456 Marini
969 1415 1098 1456 locum
1113 1415 1152 1453 in
1169 1415 1248 1454 vita
1264 1414 1417 1461 Procli,
1432 1415 1472 1454 δι
1484 1427 1586 1468 quos
1600 1414 1652 1454 ibi
1668 1416 1704 1454 in
1720 1424 1811 1454 nota
1832 1414 1914 1455 lau-

645 1471 710 1509 dat
722 1470 812 1509 Alb.
825 1469 1034 1509 Fabricius.
1047 1468 1213 1508 Eustath.
1227 1469 1272 1508 ad
1280 1468 1385 1509 Iliad.
1399 1473 1445 1516 Σ,
1458 1483 1494 1522 p.
1512 1483 1526 1507 1
1540 1468 1628 1516 161,
1650 1482 1673 1508 a
1684 1467 1852 1509 Kustero
1864 1469 1912 1509 ad

646 1524 803 1565 Suidam
823 1523 1014 1570 laudatur,
1027 1522 1068 1563 δι
1080 1522 1199 1575 Diog.
1215 1523 1256 1563 L.
1269 1522 1349 1572 VI,
1365 1535 1429 1576 95.
1449 1523 1606 1562 SOLAN.

704 1579 783 1617 ibid.
806 1579 920 1630 Φέρων
932 1600 976 1607 -
994 1576 1110 1629 ἐνῆκε)
1123 1576 1208 1615 Vid.
1223 1589 1296 1616 nos
1312 1577 1358 1616 de
1373 1577 1441 1616 hac
1456 1576 1581 1630 phrasi
1591 1574 1702 1630 supra
1714 1605 1728 1622 ,
1751 1577 1797 1616 ad
1809 1575 1916 1617 Dial.

649 1632 695 1671 de
708 1632 830 1671 Merc.
843 1631 955 1671 cond.
971 1644 1004 1672 c.
1022 1645 1087 1680 24,
1098 1643 1197 1684 quae
1208 1630 1271 1670 vel
1282 1642 1356 1678 ter,
1365 1642 1514 1685 quater,
1526 1630 1663 1670 eodem
1676 1629 1778 1670 Dial.
1788 1643 1916 1671 recur-

648 1686 708 1726 rit.
731 1685 874 1725 Rmz.

707 1740 795 1792 Pag.
813 1740 898 1791 269.
912 1737 935 1776 l.
948 1753 982 1791 3.
998 1737 1108 1791 Πρὸς)
1124 1736 1240 1784 Hinc,
1251 1748 1294 1777 ut
1305 1737 1345 1778 δι
1360 1750 1410 1777 ex
1425 1737 1508 1777 aliis
1522 1736 1632 1783 locis,
1644 1747 1760 1790 patet,
1776 1737 1915 1778 Lucia·

648 1806 743 1833 num
754 1793 879 1832 senem
891 1792 1098 1832 admodum
1111 1801 1320 1831 mortuum.
1335 1792 1427 1832 Non
1438 1791 1502 1831 diu
1515 1801 1643 1831 autem
1658 1792 1698 1830 in
1710 1792 1916 1844 Aegypto,

648 1846 677 1886 fi
693 1847 847 1900 quidem
856 1859 906 1886 eo
916 1844 1303 1899 pervenerit‚vixiffe,
1311 1846 1397 1886 inde
1408 1845 1589 1893 coniicio,
1600 1845 1709 1898 quod
1727 1845 1765 1884 in
1779 1846 1838 1894 iis,
1848 1846 1915 1899 qui

647 1899 860 1954 supersunt,
872 1898 1006 1939 libellis
1014 1899 1106 1938 nihil
1115 1900 1173 1945 sit,
1186 1911 1235 1939 ex
1246 1912 1327 1952 quo
1337 1910 1446 1940 certo
1456 1899 1646 1939 coniicere
1656 1899 1784 1946 liceat,
1795 1899 1833 1938 in
1842 1899 1917 1940 Ae-

649 1966 778 2008 gypto
789 1953 916 2002 fuiffe3
939 1953 1005 1992 nisi
1024 1954 1108 2006 quis
1126 1952 1252 1993 forsan
1265 1964 1396 2006 putet,
1418 1965 1518 2006 quae
1534 1952 1579 1992 de
1593 1952 1678 1992 Diis
1691 1953 1917 2007 Aegyptio-

648 2022 735 2048 rum
754 2009 791 2048 in
805 2008 934 2048 libello
946 2007 991 2047 de
1000 2006 1200 2048 sacrificiis
1214 2020 1296 2060 cap.
1318 2020 1362 2056 14
1378 2007 1494 2046 habet
1506 2037 1520 2053 ,
1539 2006 1586 2046 ab
1601 2019 1650 2046 eo
1665 2017 1747 2046 tum
1762 2006 1917 2058 scripta,

648 2075 740 2102 cum
754 2061 1058 2115 superstitionem
1083 2061 1336 2113 ridiculasque
1354 2060 1395 2100 &
1417 2059 1594 2100 absurdas
1617 2073 1753 2100 eorum
1770 2060 1816 2101 de
1830 2060 1919 2101 Diis

649 2117 858 2169 opiniones
872 2114 1047 2168 praesens
1063 2113 1162 2154 ferre
1175 2127 1255 2154 non
1266 2113 1406 2168 poffet,
1423 2124 1489 2154 aut
1506 2125 1778 2167 argumentum
1796 2114 1918 2154 addu-

651 2182 714 2210 cat
728 2183 775 2210 ex
788 2170 833 2209 iis
845 2168 1026 2215 sumtum,
1036 2182 1135 2221 quae
1146 2169 1182 2207 in
1191 2174 1280 2209 Σολ.
1292 2181 1324 2208 c.
1340 2184 1356 2222 ς
1371 2167 1564 2220 leguntur.
1576 2167 1649 2208 Sed
1659 2167 1751 2209 haec
1761 2181 1849 2208 cum
1860 2180 1918 2208 ce·

648 2225 742 2263 teris
752 2224 888 2264 eodem
897 2222 1168 2277 speEiantibus‚
1180 2221 1296 2262 fufius
1309 2222 1496 2275 explicata
1507 2221 1697 2261 dabuntur
1708 2234 1730 2261 a
1740 2235 1815 2271 me,
1825 2221 1919 2262 Deo

647 2276 817 2324 favente,
833 2278 871 2316 in
882 2291 941 2322 ea,
956 2289 1071 2330 quam
1083 2276 1361 2327 paro,Luciani
1374 2276 1468 2323 vita,
1480 2275 1567 2315 huic
1579 2275 1736 2315 editioni
1745 2276 1922 2328 praemit·

647 2331 782 2377 tenda,
798 2332 837 2370 &
854 2332 891 2370 in
903 2343 980 2370 una
993 2329 1099 2383 quafi
1117 2330 1247 2369 tabula
1261 2329 1314 2369 ob
1330 2329 1468 2370 oculos
1489 2339 1695 2381 ponentur.
1719 2329 1879 2370 SOLAN.

702 2386 783 2424 ibid.
796 2384 851 2434 Τῷ
862 2383 1011 2437 Αἰακῷ)
1036 2387 1121 2423 Tam
1135 2385 1233 2423 morti
1243 2384 1448 2436 proximum.
1475 2383 1616 2423 BROD.

703 2441 775 2477 ead.
789 2440 811 2477 l.
826 2453 862 2486 4.
876 2440 929 2476 Ἐν
943 2437 995 2487 τῷ
1008 2436 1201 2490 πορθμείῳ)
1219 2436 1361 2477 Erasm.
1377 2438 1416 2476 in
1431 2437 1590 2490 adagio,
1606 2435 1768 2477 alterum
1782 2435 1918 2490 pedem

651 2492 694 2532 in
708 2491 852 2544 cymba
864 2491 1070 2532 Chat-ontis
1082 2491 1234 2531 habere.
1253 2491 1392 2531 BROD.

702 2548 776 2586 ead.
789 2546 817 2586 l.
838 2559 876 2600 7.
886 2547 941 2586 Τὰ
958 2544 1157 2600 σφιγγία)
1181 2548 1340 2599 Torques.
1361 2545 1503 2587 BRon.
1517 2544 1630 2588 Hanc
1649 2555 1792 2587 vocem
1805 2543 1922 2586 inter-
