2015 3490
285 278 388 328 ΙΝ
455 281 1116 332 APOLOGIAM.
1247 298 1334 351 577

68 384 163 469 347,
176 387 213 424 1,
231 374 385 415 Arrian.
405 374 451 413 ad
474 373 593 427 Epi&
608 386 692 427 pag.
710 386 777 413 101
800 374 844 414 B.
863 375 905 415 &
927 374 1049 416 Clem.
1070 376 1180 417 Alex.
1194 377 1337 422 Strom.

94 430 131 478 1,
147 442 233 480 151,
253 427 451 467 1.SoLAN.

127 485 200 521 ead.
213 484 235 520 l.
252 495 307 520 12.
320 481 432 519 Πενία
445 480 490 519 st
503 479 691 533 κρείσσων)
703 480 900 532 Euripides
911 494 1026 523 vero:
1038 487 1161 533 Θυμος
1171 478 1336 538 δ”εἰιρειό·«Ι

71 543 154 575 σων.
169 536 308 574 BROD.
321 535 461 574 Melius
480 535 595 579 alius,
614 536 791 585 Κρείσσων
804 533 854 572 δὲ
871 534 992 575 πεῖνα.
1006 537 1187 577 BOURD..
1261 566 1264 567 ν

123 591 197 626 ead.
211 590 234 625 l.
254 602 311 636 14.
324 589 378 627 Ἐς
392 586 601 632 βαθυκήτεα,
612 586 679 640 π.)
694 588 793 626 Vide
807 598 885 626 not.
899 589 944 627 ad
956 602 1042 644 cap.
1061 592 1104 631 16
1115 622 1128 637 ,
1141 593 1205 631 ubi
1218 593 1257 632 &
1276 593 1334 633 lo.

71 654 161 683 cum
176 642 342 681 exhibeo
357 643 556 693 integrum.
571 640 726 679 SOLAN.

124 696 159 733 in
173 696 288 734 Schol.
303 695 369 734 col.
385 708 418 734 2.
431 696 453 732 l.
472 709 505 732 2.
521 694 645 746 Κεῖον)
665 694 723 733 Sic
735 693 931 734 manifesto
943 695 1140 748 legendum
1151 728 1161 745 ,
1174 698 1331 740 licetfic

72 747 110 787 in
125 747 194 788 ΜΓ.
208 748 362 786 virosum
375 752 435 787 τὸν
448 746 542 786 κύον.
558 746 803 786 Deridentem
823 747 1012 800 Sophistas
1024 781 1036 796 ‚
1049 752 1221 804 adeoque
1238 753 1331 793 Pro-

72 802 197 841 dicum
211 831 224 847 ,
241 801 348 840 Plato
363 800 557 841 Socratem
573 801 715 839 inducit
729 812 809 839 tum
829 802 934 851 alibi,
948 813 1029 842 tum
1043 804 1081 843 in
1096 804 1307 859 Protagora
1317 837 1331 854 ,

71 856 137 908 qui
151 854 295 894 consuli
309 856 460 907 poterit.
476 854 592 907 (coll.
613 854 712 907 κίων)
727 853 851 893 CLER.

125 910 205 947 ibid.
222 909 244 946 l.
261 924 293 960 5.
304 906 455 958 Ὁμήρου
467 909 483 961 )
497 907 643 947 Decem
656 908 774 947 verba
788 907 892 947 sensu
906 910 1068 949 carentia
1079 910 1161 963 post
1173 911 1208 951 h.
1223 926 1261 951 v.
1278 912 1330 953 se-

72 963 300 1014 quebantur,
313 974 414 1015 quae
427 962 586 1001 ducibus
598 960 697 1000 Coll.
714 960 845 1000 omiffa
860 961 943 1001 sunt
955 964 1001 1002 ab
1017 964 1161 1005 Solano
1171 996 1184 1015 ,
1199 979 1328 1019 eoque

73 1015 148 1055 hoc
163 1015 345 1056 Scholion
361 1014 571 1054 restitutum
585 1016 648 1054 ait.
663 1014 809 1053 REITz.

125 1069 218 1121 Pag.
235 1082 323 1120 279.
339 1071 363 1107 l.
375 1084 411 1118 4.
424 1065 474 1108 023
488 1069 589 1108 πάνυ
600 1063 851 1121 εὐπρόσωπον)
863 1069 927 1107 An
939 1064 974 1108 οὗ
987 1069 1088 1109 πάνυ
1100 1070 1138 1110 θ’
1150 1067 1333 1125 etim-phem

9 1155 12 1159 .
69 1134 164 1171 πον;
185 1123 353 1163 GUYET.

0 1187 1 1194 ¹
125 1178 197 1215 ead.
219 1177 241 1218 l.
260 1178 295 1215 6.
312 1179 357 1214 Tb
366 1171 528 1229 Ἄργος)
553 1176 642 1215 Hoc
661 1187 683 1214 e
701 1186 832 1215 vetere
853 1175 1020 1229 quodam
1043 1180 1159 1230 poeta
1182 1178 1328 1220 desum*

74 1241 168 1270 tum.
186 1230 325 1269 BROD.
357 1235 360 1240 '

124 1285 196 1322 ead.
220 1287 244 1323 l.
262 1297 298 1331 7.
320 1282 445 1321 Κοίλην
461 1281 646 1336 Ἀραβίην)
669 1282 797 1322 Locus
815 1281 868 1321 est
887 1282 1162 1330 vexatiffimus‚
1180 1285 1224 1325 de
1243 1301 1325 1339 quo

71 1347 158 1376 ante
169 1337 386 1387 complures
400 1349 523 1375 annos
538 1349 658 1374 meam
677 1335 867 1375 consuluit
884 1335 1102 1376 sententiam
1121 1341 1231 1391 ampl.
1247 1340 1326 1380 Da-

70 1391 343 1430 ventrienfium
356 1389 516 1436 Consul,
527 1389 727 1429 Gisbertus
737 1389 928 1441 Cuperus,
939 1402 1042 1430 nunc
1051 1391 1248 1432 Conseffui
1259 1408 1325 1446 po-

70 1443 359 1484 tentiffimorum
371 1443 560 1484 Ordinum
578 1443 751 1496 Belgicae
770 1442 1004 1490 foederatae,
1021 1446 1087 1497 qui
1102 1447 1234 1498 Hagae
1249 1447 1326 1489 Co·

71 1499 205 1537 mitum
221 1498 296 1544 est,
311 1496 536 1549 adscriptus,
553 1510 667 1549 quem
681 1498 838 1536 honoris
855 1493 1146 1539 causa‘nomino.
1161 1500 1256 1547 Diu,
1269 1501 1324 1541 fa-

71 1563 170 1599 teor,
183 1565 243 1590 me
255 1551 382 1597 torsit,
398 1549 577 1603 vanisque
589 1550 818 1590 conieciuris
832 1551 895 1589 diu
910 1563 984 1596 me,
1002 1551 1042 1590 &
1053 1553 1182 1591 virum
1198 1557 1324 1595 excel·

69 1604 210 1645 lentem
223 1604 420 1645 frustratus
433 1605 523 1643 sum.
538 1605 664 1649 Yerba
686 1604 787 1644 sunt:
803 1603 854 1643 Σὺ
870 1603 913 1641 ιΓὲ
929 1606 1069 1657 θοιῤῥει,
1084 1601 1109 1644 ὦ
1125 1605 1262 1660 ἑταῖρε,
1274 1608 1322 1649 ὦς

70 1656 189 1699 cassev}
209 1659 343 1699 τούτων
361 1658 447 1707 ἐμοῦ
471 1659 721 1709 χρησομένου,
739 1659 791 1706 μὴ
812 1660 894 1709 ’γᾶς
916 1658 1093 1697 τοσοῦτός
1107 1653 1200 1699 ποτὶ
1214 1666 1321 1702 λιμὸς

69 1714 282 1758 καταλάβοι
297 1717 338 1751 τὸ
348 1708 479 1766 Ἀργος
491 1710 537 1750 ὦς
550 1712 614 1750 τὴν
626 1712 746 1750 κοίλην
757 1712 921 1763 Ἀραβίην
931 1712 1090 1763 σπείρειν
1102 1705 1324 1768 ἐπιχειρεῖν.

69 1765 260 1820 Interpres
275 1767 444 1806 Latinus:
461 1767 579 1818 Neque
597 1766 680 1804 enim
692 1764 907 1816 tantafames
920 1766 1036 1818 Argos
1050 1781 1161 1819 urgere
1172 1784 1320 1821 unquam

64 1822 207 1873 poterit,
224 1832 263 1858 ut
277 1836 396 1860 cavam
412 1821 449 1857 A
453 1821 579 1858 fabiam
584 1818 689 1870 serere
702 1819 923 1872 aggrediatur.
940 1818 1057 1870 Quae
1071 1830 1137 1859 aut
1148 1822 1212 1861 ubi
1227 1836 1319 1874 gen-

70 1875 168 1913 tium
182 1873 234 1913 est
245 1887 342 1914 cava
353 1874 413 1913 illa
429 1874 593 1913 Arabia?
607 1873 715 1911 Novi
729 1874 850 1911 κοίλην
866 1873 1009 1920 Συρίαν,
1019 1871 1139 1913 Coele
1149 1875 1318 1925 Syriam:

69 1928 223 1967 memini
237 1928 375 1981 *Αργος
388 1928 459 1967 dici
472 1928 588 1967 κοῖλον
599 1926 799 1977 Sophocli,
817 1927 874 1964 uti
888 1923 1032 1970 Εὖβοίην
1044 1928 1162 1967 κοίλην
1172 1929 1294 1969 eidem
1306 1962 1318 1979 ,

70 1981 111 2020 δι
126 1982 301 2021 Homero
322 1980 587 2031 Λακεδαίμονα
607 1981 736 2026 κοῖλον,
752 1992 890 2018 cavam
912 1980 1245 2021 Lacedaemonem.
1260 1984 1321 2025 Sic

68 2035 172 2074 enim
188 2035 328 2076 Graeci
341 2036 533 2074 vocabant
550 2034 637 2073 loca
649 2033 687 2072 in
705 2033 891 2079 vallibus,
910 2033 950 2072 δι
970 2033 1100 2072 humili
1121 2034 1212 2074 loco
1228 2036 1295 2076 fita
1307 2067 1321 2086 ,

70 2090 200 2129 nonin
213 2089 419 2128 montibus.
435 2088 507 2128 Sed
523 2087 702 2127 Arabiam
715 2099 850 2126 cavam
863 2085 952 2132 effe,
962 2099 1076 2126 nemo
1090 2087 1247 2140 usquam
1261 2103 1322 2130 re-

69 2142 198 2195 periet.
211 2143 249 2182 Si
265 2155 363 2195 quae
378 2142 534 2181 dicenda
547 2139 635 2180 effer.
646 2141 788 2180 Arabia
801 2142 921 2182 κοίλη,
941 2152 1043 2179 certe
1055 2154 1188 2194 magna
1205 2144 1321 2184 felicis

69 2196 234 2236 Arabiae
256 2209 341 2249 pars
361 2197 458 2235 inter
471 2206 619 2235 montes
635 2195 674 2233 in
690 2193 849 2234 vallibus
868 2192 1095 2233 feraciffimis
1115 2195 1252 2247 pofita‚
1269 2197 1320 2238 fic

67 2248 159 2289 effet
168 2250 335 2289 dicends.
353 2262 434 2289 non
444 2250 504 2288 illa
515 2247 687 2288 sabulosa
699 2249 739 2288 δι
751 2247 902 2286 deserta.
917 2246 1088 2287 Erasmus
1100 2261 1227 2288 tamen
1240 2250 1320 2291 Ro-

69 2302 333 2342 terodamenfis
348 2333 359 2351 ‚
375 2303 436 2342 ille
448 2304 686 2342 Batavorum
700 2300 948 2349 doetiffimus,
964 2313 1011 2339 ex
1030 2302 1104 2340 hoc
1121 2301 1211 2341 loco
1229 2318 1318 2356 pro-

69 2357 245 2396 verbium
267 2356 314 2396 fit
326 2357 336 2395 '.
356 2356 455 2396 visus
476 2355 529 2395 est
548 2354 750 2408 expiscari,
768 2355 871 2407 quod
889 2353 1048 2393 Centur.
1064 2369 1079 2393 1
1098 2354 1272 2397 Chiliadis
1284 2354 1320 2398 11

70 2409 226 2449 inseruit
239 2411 277 2449 δι
293 2410 313 2449 s:
324 2423 344 2449 c
357 2411 534 2462 explicat:
547 2410 614 2448 την
633 2412 754 2448 κοίλην
766 2408 929 2461 Ἀραβίην
943 2411 1112 2458 σπείρειν,
1126 2425 1245 2449 cavam
1260 2413 1317 2450 A.

71 2464 332 2515 rabiamserere‚
345 2477 416 2516 pro
430 2462 564 2503 frustra
579 2462 730 2510 sudare,
747 2474 811 2501 aut
825 2463 864 2500 in
875 2474 915 2501 re
927 2461 1152 2514 perdifficili,
1166 2475 1236 2503 nec
1254 2466 1319 2503 ad-

70 2518 230 2556 modum
251 2517 451 2570 frugifera,
472 2530 629 2570 operam
642 2515 811 2561 sumere,
833 2515 947 2555 allato
961 2515 1140 2555 hocloco
1154 2516 1319 2556 Luciani„

71 2569 256 2610 Plutarchi
269 2571 397 2621 locus,
411 2584 525 2624 quem
541 2571 712 2610 Luciano
725 2568 877 2616 attexit,
893 2568 945 2609 est
960 2569 1072 2622 plane
1085 2569 1323 2622 οἱπροσὲιόνυ·

180 2626 323 2665 Luclan.
356 2625 434 2666 Vol.
460 2625 531 2667 III.
1004 2621 1043 2661 O
1056 2635 1081 2661 o
