2015 3490
259 197 330 243 IN
364 193 667 244 v1TARUM
701 189 1102 241 AUCTIONEM.
1234 209 1324 262 445

66 283 144 326 Ubi
158 283 257 324 ὀοᾶ.
270 284 456 336 interpres
470 281 670 331 observat,
687 281 839 321 Suidam
855 295 895 320 v.
908 280 1009 334 χῆνα
1023 279 1185 332 ὀμνῦνοιι,
1198 281 1236 322 8ι
1250 284 1334 322 He·

65 338 239 390 sychium
262 351 301 377 v.
323 336 590 386 Ῥοιέοιμέινθιος
614 335 728 387 ὅρκος,
750 335 867 388 iisque
890 335 1107 387 graviorem
1133 336 1332 377 au&orem

66 390 326 444 Porphyrium
342 390 384 429 L.
401 390 455 429 111
475 390 519 429 de
540 389 759 429 abstinentia
783 389 799 437 §
818 389 864 427 16
887 401 1064 435 narrare,
1086 388 1334 429 Rhadaman-

63 446 174 485 thum
194 446 313 496 legem
335 443 478 506 tulisse,
499 454 543 502 ut
560 458 618 496 per
631 442 774 494 anserem
790 442 939 493 aliaque
959 442 1041 480 eius
1059 444 1205 494 generis
1224 445 1334 483 iura-

0 491 1 528 Ῑ
64 508 194 539 menta
208 497 355 543 fierent,
375 496 467 546 υπὲς
478 510 542 535 του
555 497 604 546 μὴ
618 495 703 535 τοὺς
716 495 821 534 θεοὺς
832 496 896 533 ἐπὶ
909 493 1030 534 πᾶσιν
1045 495 1236 547 ὀνομάζειν.
1253 499 1334 537 Ad-

0 545 2 594 Ῐ
63 552 229 603 dereque
240 550 374 589 diserte
383 550 660 601 Porphyrium,
672 548 954 588 Rhadamanthi
963 549 1180 588 imitatione
1191 550 1266 591 hoc
1279 550 1333 592 fe-

62 604 148 646 ciffe
165 604 373 644 Socratem.
386 603 488 643 Vide
500 603 672 642 nostrum
689 603 826 642 iterum
838 602 943 653 Ἰκαρ.
957 613 990 640 c.
1006 616 1041 654 9.
1067 602 1225 643 SOLAN.

16 695 21 702 ,
118 661 192 696 ead.
207 659 230 696 l.
241 671 276 710 9.
298 656 396 695 Οἰκῶ
406 656 493 708 μὲν)
515 655 633 708 Quae
647 656 695 694 ab
712 655 788 694 hoc
803 655 887 694 inde
899 655 989 694 loco
1009 656 1185 695 dicuntur
1203 657 1248 696 de
1261 656 1333 697 So-

0 717 1 724 *
64 723 185 758 crate,
196 723 243 750 ea
258 723 394 764 aeque,
406 710 469 750 vel
481 712 608 762 potius
621 710 732 749 etiam
749 709 786 747 in
798 708 994 748 Platonem
1011 708 1108 749 dieta
1118 710 1237 748 videri
1250 710 1334 762 pos-

64 764 170 812 sunt,
197 765 243 804 de
259 764 470 816 republica,
493 764 538 803 de
551 763 830 811 communione
852 762 1077 810 mulierum,
1104 763 1149 802 de
1171 762 1332 803 fortium

68 819 255 873 praemiis,
277 818 321 857 de
335 818 436 857 ideis.
456 817 504 857 Et
519 815 641 869 potest
654 816 789 868 aliquis
805 827 952 868 putare,
967 815 1116 864 vitiose,
1131 817 1170 856 δι
1184 830 1252 870 per
1265 818 1334 857 ali-

65 885 181 925 quam
201 870 405 924 superioris
422 871 607 923 temporis
627 870 807 909 iniuriam
829 868 1003 909 excidiffe
1020 869 1186 909 Platonis
1206 871 1244 909 in
1256 871 1334 912 hoc

66 925 220 977 dialogo
236 926 486 968 mentionem,
503 925 638 965 cumis
653 924 690 962 in
702 936 765 970 eo,
783 924 848 975 qui
863 921 1044 975 sequitur,
1059 923 1187 963 libello
1205 926 1334 976 gravi-

67 989 126 1019 ter
139 980 235 1018 adeo
256 977 340 1017 suas
359 978 537 1024 iniurias,
563 978 625 1015 hic
647 977 767 1016 illatas
780 976 874 1022 fibi,
901 975 1158 1030 persequatur.
1180 978 1332 1018 Verum

66 1032 290 1077 enimvero,
312 1032 373 1071 cui
391 1032 490 1070 ratio
512 1029 743 1084 scriptorum
757 1029 921 1069 Platonis
940 1042 1034 1069 nota
1053 1029 1128 1077 est,
1140 1031 1179 1069 in
1193 1032 1334 1083 quibus

68 1085 171 1126 suam
192 1085 255 1124 ille
275 1084 508 1133 sententiam,
528 1084 568 1124 δι
588 1097 632 1123 ea
653 1083 894 1129 nominatim,
914 1096 1015 1136 quae
1036 1084 1097 1124 hic
1117 1084 1335 1138 perstringit

66 1139 274 1185 Lucianus,
292 1138 359 1178 sub
375 1138 545 1178 Socratis
559 1138 717 1177 nomine
733 1136 934 1177 consuevit
949 1150 1188 1190 proponere:
1213 1150 1332 1178 unam

68 1193 141 1233 hac
154 1193 192 1231 in
205 1204 246 1232 re
258 1190 331 1231 effe
341 1191 508 1232 Socratis
519 1192 558 1231 &
579 1190 745 1230 Platonis
763 1189 959 1243 personam
971 1220 984 1237 ,
1000 1204 1117 1231 unam
1132 1192 1274 1231 illatam
1288 1192 1334 1232 fi.

68 1246 148 1287 mul
169 1246 357 1285 ambobus
370 1245 546 1284 iniuriam
562 1273 572 1292 ,
594 1243 702 1284 facile
722 1244 917 1305 intelliget.
946 1245 1080 1298 ltaque
1101 1244 1230 1298 paffim
1246 1247 1336 1286 lau-

2 1327 4 1330 >
68 1300 159 1340 dant
170 1299 390 1347 Socratem,
411 1300 478 1352 qui
491 1298 656 1338 Platonis
674 1297 895 1337 sententiam
914 1310 1243 1346 commemorant,
1257 1313 1336 1352 qua

70 1355 116 1394 de
127 1366 167 1393 re
176 1352 206 1392 F
208 1353 287 1392 abr.
300 1353 344 1392 B.
361 1352 411 1392 G.
429 1367 468 1399 2,
484 1366 547 1398 22,
562 1366 597 1404 p.
612 1351 688 1390 826
700 1349 774 1403 seq.
787 1352 842 1391 Ut
854 1351 1068 1404 Scipionem
1085 1352 1211 1392 laudat
1223 1353 1336 1394 Cice-

2 1442 5 1449 .
71 1420 116 1447 ro
128 1407 226 1460 apud
239 1406 478 1446 Lactantium
495 1406 539 1445 de
551 1403 657 1458 Opif.
669 1403 746 1444 Dei
757 1404 772 1442 1
783 1435 794 1453 ‚
818 1418 885 1457 13,
905 1417 984 1444 non
999 1405 1120 1458 ipsum
1144 1407 1334 1446 librorum

2 1455 5 1512 J
69 1462 116 1501 de
135 1459 280 1512 republ.
298 1460 516 1505 auctorem,
537 1459 642 1512 quod
653 1457 820 1497 Cellario
832 1459 995 1506 excidit3
1017 1458 1078 1498 sed
1100 1460 1206 1511 quod
1226 1461 1257 1500 is
1278 1461 1336 1501 lo-

2 1525 6 1561 ζ
64 1526 194 1568 quens
204 1526 243 1607 ὃ
242 1513 374 1554 Tullio
388 1513 563 1553 inductus
577 1512 710 1552 fuerat.
735 1512 857 1565 Igitur
877 1512 1024 1565 integra
1040 1512 1080 1552 δι
1092 1512 1179 1553 sana
1200 1515 1336 1554 omnia

99 1578 181 1609 uto.
245 1577 331 1606 ESN.

70 1582 96 1623 P
125 1623 161 1660 in
170 1623 285 1660 Schol.
298 1621 360 1660 col.
378 1634 412 1660 2.
425 1620 448 1659 l.
466 1633 499 1658 1.
521 1614 586 1659 Οἷς
596 1619 807 1673 μέγιστος)
830 1619 927 1659 Sunt
942 1618 1022 1658 duo
1037 1619 1168 1660 versus
1180 1633 1228 1660 ex
1241 1620 1336 1661 Cra-

5 1670 8 1683 t
71 1675 141 1715 tini
155 1674 387 1715 Chironibus
400 1674 519 1727 petiti,
538 1672 598 1713 sed
612 1672 899 1732 conupgifflmi‚
914 1671 964 1713 fic
977 1674 1140 1726 legendi,
1159 1689 1202 1714 ut
1213 1674 1336 1728 liquet

5 1731 8 1739 “
74 1742 125 1769 ex
141 1729 335 1782 Excerptis
343 1727 541 1768 Grotianis
554 1742 588 1780 p.
601 1741 694 1781 493:
713 1730 779 1766 Οἱς
793 1729 830 1767 ἦν
839 1728 1024 1780 μέγιστος
1033 1728 1131 1779 ὅρκος
1143 1726 1287 1768 ἅπαντι
1300 1730 1336 1768 ἐν

72 1782 175 1836 λόγῳ
186 1782 295 1829 Κύων,
307 1781 442 1821 ἔπειτα
456 1781 548 1832 χὴν,
559 1782 663 1822 θεοὺς
675 1781 720 1820 δὲ
734 1781 890 1835 σιγάᾳν.
905 1781 1012 1832 Qucz‘s
1023 1782 1256 1821 iusiurandum
1266 1796 1336 1821 ma·

6 1850 9 1889 ζ
73 1838 202 1877 ximum
219 1837 255 1875 in
271 1852 302 1874 re
312 1837 456 1889 qualibet
470 1836 573 1874 Canis
584 1837 638 1887 est,
655 1835 690 1874 6³
701 1835 799 1886 anser
807 1850 824 1883 ‚·
843 1851 921 1874 nam
934 1836 1032 1874 Deos
1044 1852 1111 1875 non
1122 1848 1335 1888 nuncupant.

7 1909 9 1923 ι
73 1890 203 1931 CLER.
228 1890 313 1943 Ego
332 1888 555 1941 scripturam
572 1888 619 1929 C.
635 1888 811 1942 expreffi‚
832 1887 1044 1928 Grotianae
1065 1889 1163 1929 haud
1177 1889 1337 1929 inferio·

74 1957 174 1991 rem,
197 1943 266 1983 nifi
279 1943 384 1996 quod
397 1944 431 1982 ἐν
448 1953 536 1982 ante
551 1943 653 1997 λόγῳ
669 1943 778 1982 deest.
800 1942 957 1982 SOLAN.
987 1942 1131 1982 Ponam
1149 1944 1206 1984 ed.
1220 1945 1270 1983 A.
1284 1944 1337 1983 le-

8 2002 9 2014 ³
72 1996 258 2037 &ionemz
278 1996 455 2049 ὂμνὺωγέ
464 2010 520 2037 σοι
531 1999 592 2035 τὶν
603 1995 713 2049 κύνα]
727 1994 1173 2047 ΚέρβερονῖΡαὸαμάνθυος
1185 1996 1250 2050 (V.
1259 1996 1337 2037 ‘Pa-

8 2094 11 2097 ,
76 2050 304 2104 Σαμέινθιος)
316 2050 427 2103 ὅρκος·
442 2044 544 2089 effros-
559 2049 622 2103 (V.
638 2049 738 2103 ’ὅρκος
751 2046 874 2111 οὗτος)
896 2049 1031 2089 cinon&
1044 2054 1158 2098 κυνὸς,
1170 2052 1188 2090 ii
1202 2053 1336 2102 χηνὸς,

9 2101 12 2159 ,i
75 2103 97 2145 ii
110 2105 321 2153 πλατάνου,
337 2104 356 2144 ii
371 2117 466 2145 τινος
479 2101 612 2152 ἄλλον,
624 2103 801 2145 τοιούτου.
824 2108 877 2144 οἱς
887 2105 1074 2158 μέγιστος
1086 2104 1184 2156 ’ὅρκος
1199 2106 1265 2157 (V.
1280 2104 1338 2156 'o'p-

9 2169 11 2176 ‘
77 2172 139 2199 κος
150 2159 190 2199 δι
201 2157 322 2198 statim
333 2157 447 2212 ὅρκοι)
462 2155 607 2198 ἅπαντι
621 2157 726 2211 λὸγῳ
738 2159 827 2198 κύων
842 2158 905 2197 ἐπὶ
917 2155 1057 2209 τυχίνν.
1073 2157 1241 2210 Κρατῖνος
1253 2157 1337 2196 Χεί-

76 2226 163 2264 poa-1.
189 2212 248 2265 (in
267 2215 308 2251 V.
324 2212 398 2251 Χέι
412 2212 468 2264 σι)
490 2209 646 2251 τοιοῦτοι
669 2211 749 2264 (hic
763 2211 827 2251 καὶ
844 2215 887 2251 V.
905 2211 1050 2264 inserit)
1070 2211 1101 2250 οἱ
1116 2212 1337 2263 Σωκράτους

11 2265 16 2302 ς’
76 2264 182 2317 ὅρκοι.
197 2265 315 2318 Quae
326 2265 489 2305 Solanus
501 2278 550 2304 ex
567 2265 613 2306 C.
628 2266 767 2305 addidit
779 2277 893 2319 atque
908 2266 1139 2311 emendavit,
1152 2264 1286 2304 Suidas
1296 2265 1337 2304 in

75 2318 351 2370 Ῥαδαμάνθυος
360 2319 457 2371 ὅρκος
466 2318 590 2358 itidem
606 2319 732 2367 habet,
744 2319 811 2358 nisi
822 2319 929 2371 quod
942 2318 1097 2358 θεοὺςέὲ
1110 2317 1236 2372 σιγᾷν.
1245 2317 1338 2358 Cra-

78 2372 147 2412 tini
166 2386 308 2413 nomen
324 2374 360 2412 in
381 2373 517 2412 eodem
536 2373 748 2425 proverbio
767 2371 939 2412 versibus
953 2371 1092 2412 omiffis
1104 2372 1202 2412 dedit
1214 2373 1337 2412 Zeno-

79 2426 183 2476 biu53
202 2426 428 2480 Apostolius
443 2426 616 2478 neglecto
630 2426 781 2467 Comici
799 2427 954 2466 nomine
972 2425 1153 2466 versuum
1175 2436 1335 2479 partem.

80 2478 309 2533 Ero-xefpm
322 2493 421 2523 vero
437 2479 673 2522 scribendum
687 2479 759 2522 fuit
773 2480 940 2534 Χείρωσι·
961 2480 1068 2535 quod
1088 2479 1190 2522 reete
1209 2491 1233 2519 a
1249 2479 1337 2520 Iun·
