2015 3490
330 233 1077 281 LECTIONES.
1240 252 1334 301 319

71 324 140 364 vit.
153 323 280 364 Solan.
310 324 334 362 ἱ.
345 336 400 374 17.
412 322 476 362 col.
496 335 525 360 1.
543 320 634 361 Τοὺς
652 320 819 375 οἰκέτας)
835 320 1045 374 Excerptor
1058 321 1106 363 G.
1121 335 1210 362 cum
1223 323 1335 364 inve-

69 376 177 416 niffet
192 377 359 425 Σοὺλους,
372 376 503 416 maluit
517 387 704 428 reponere
719 374 883 414 οἰκέτας.
898 377 1017 415 Solan.
1077 377 1154 415 ibid.
1169 378 1231 417 col.
1249 383 1336 417 2.Tc

70 429 174 484 ἔχη)
196 446 234 472 τι
253 430 336 484 ἔχει
361 430 406 470 C.
464 432 489 469 l.
508 444 566 481 19.
581 430 642 468 col.
657 443 688 466 1.
703 428 804 480 Ποῦ)
819 427 884 467 τοῦ
897 429 993 467 male
1011 430 1215 482 legebatur*
1224 432 1260 470 in
1281 432 1331 470 V.

72 485 194 524 Solan.
239 485 318 523 ibid.
334 484 359 522 l.
380 481 738 533 21.Ἐκκαυμοότων)
754 483 946 520 Mutatum
964 483 1089 530 nolui,
1103 498 1185 536 quo
1199 485 1336 524 melius

71 537 244 577 lectionis
259 536 453 577 diversttas
468 534 681 588 pateret31n
700 535 746 574 C.
767 546 893 574 tamen
912 535 1051 587 legitur
1066 536 1334 590 ἐγκαυμάτων.

71 592 192 631 Solan.
265 592 355 643 Pag.
377 592 463 629 206.
477 591 501 629 l.
521 603 553 640 5.
567 587 712 641 Οὗτος)
726 588 786 628 Sic
799 589 826 627 I.
841 589 884 627 Ρ.
899 589 950 626 H.
968 589 1022 628 Fl.
1037 591 1082 628 B.
1101 605 1133 628 2.
1147 591 1203 629 Ita
1218 593 1276 630 hic
1291 594 1333 631 &

69 646 259 685 interdum
283 645 370 683 alibi
394 644 546 682 notavit
567 642 729 681 Solanus
742 671 756 688 ,
775 641 865 680 nihil
885 644 1034 682 variare
1053 644 1133 682 edd.
1148 645 1334 693 indicans;

71 699 138 739 ubi
152 710 278 738 tamen
295 698 445 737 videtur
461 695 630 735 maluiffe
642 696 896 734 variationem
917 697 1098 736 invenire.
1117 696 1254 749 Quare
1269 698 1336 738 su-

73 764 284 806 pervacuas
298 751 482 791 eiusmodi
492 750 762 789 annotationes
773 762 853 789 non
865 748 1010 801 semper
1021 751 1202 790 addimus.
1232 752 1256 789 l.
1274 766 1287 790 1
1296 768 1335 805 9.

70 807 136 846 col.
153 820 184 845 1.
208 805 414 858 Μακάρων)
433 805 626 855 Μακάρους
642 803 790 842 ⁴editum
811 814 917 848 erat,
939 804 979 842 δι
1002 805 1177 856 proxime
1196 806 1335 845 iterum

69 861 260 912 μακάρους
280 858 420 904 νήσους,
442 857 592 903 inscite,
611 869 700 896 cum
715 855 814 896 νῆο-ος
829 855 1049 896 femininum
1063 857 1136 897 effe
1148 858 1211 897 vel
1224 861 1335 911 pueri

70 913 199 954 sciant.
213 914 321 965 Κεῖος.
350 914 438 964 Pag.
455 925 541 960 207.
557 911 578 950 l.
599 924 628 948 1.
644 910 915 962 ΕΡΜ.)Ἐριννὺς
931 909 984 949 Fl.
998 912 1106 951 male.
1120 915 1219 950 EPM.
1232 913 1336 952 recte

71 968 102 1007 I.
116 968 159 1005 P.
171 968 225 1007 H.
252 969 324 1005 ead.
340 964 528 1017 Λακύδου)
543 963 557 1002 ὁ
570 963 741 1003 Λακὺἓου
752 964 797 1002 Β.
817 965 840 1002 l.
853 977 908 1016 13.
923 965 1119 1018 Πλείονοις)
1129 967 1277 1005 «πλείους
1288 967 1337 1006 Β.

71 1022 98 1060 l.
118 1034 176 1071 ¹7·
197 1019 409 1072 Hpbssoem’)
431 1019 612 1071 προκάλει
637 1014 750 1056 αὐτον
774 1017 935 1056 habebat
956 1018 1098 1057 editum
1125 1019 1333 1072 exemplar,

71 1074 184 1126 plane
196 1085 332 1113 contra
346 1074 548 1112 rationem.
561 1070 671 1122 Reitz.
726 1071 817 1122 Pag.
836 1071 924 1110 208.
938 1072 960 1111 l.
979 1085 1037 1122 15.
1050 1072 1338 1126 Ἀττοιγομένων)

71 1127 214 1167 Deficit
228 1127 303 1167 hoc
316 1128 479 1166 verbum
493 1127 533 1163 in
553 1123 606 1163 Fl.
624 1123 728 1167 Nihil
746 1137 767 1163 a
781 1124 938 1177 vulgata
959 1126 1100 1165 abeunt
1120 1126 1156 1166 P.
1175 1128 1218 1166 P.
1232 1127 1260 1166 I.
1278 1129 1336 1166 H.

8 1180 9 1185 ’
71 1183 149 1222 &c.
177 1182 202 1219 l.
218 1182 275 1220 16.
290 1182 352 1219 col.
371 1195 405 1219 2.
422 1177 674 1230 Ἐπινοουντοι)
686 1177 845 1218 ἑπινοοῦν
859 1178 957 1217 male
970 1179 1159 1219 habebant
1172 1180 1339 1233 impreff.

72 1236 198 1274 Solan.
254 1235 345 1288 Pag.
363 1247 449 1287 209.
463 1235 486 1272 l.
502 1247 532 1285 5.
549 1232 753 1285 Μοιχείας)
765 1231 825 1272 Sic
838 1231 939 1272 reete
954 1233 1162 1287 8.μοιχιόις
1176 1235 1205 1274 Ι.
1217 1236 1262 1273 Ρ.
1279 1235 1339 1275 Η.

71 1289 114 1327 F.
171 1289 194 1327 l.
210 1302 266 1336 ¹4-
280 1288 320 1326 ‘O
342 1286 527 1341 Μεγαπ.)
547 1285 663 1325 Deest
679 1286 860 1325 articulus
881 1287 918 1324 in
933 1286 976 1325 Β.
1031 1289 1053 1325 l.
1070 1302 1128 1338 17.
1142 1289 1206 1327 col.
1230 1303 1261 1327 1.
1278 1289 1337 1329 Εἰς

0 1368 1 1381 ,
69 1341 272 1394 πλείονας)
298 1345 388 1394 πρὸς
404 1342 560 1381 πλείονα
574 1338 620 1379 C.
642 1339 682 1378 δι
696 1339 747 1378 εἰς
768 1340 929 1379 πλείονα
942 1341 991 1379 V.
1003 1341 1248 1381 Vid.Bourd.
1268 1343 1338 1394 qui

71 1395 197 1448 legisse
211 1397 361 1435 videtur
376 1394 428 1434 εἰς
445 1393 676 1445 φιλοσόφους.
691 1394 811 1432 Solan.
887 1397 973 1445 Pag.
991 1408 1078 1433 210.
1095 1396 1119 1434 l.
1138 1409 1167 1434 1.
1180 1395 1336 1449 Ὑμεῖς)

69 1447 176 1500 ὑμεῖς
192 1451 220 1488 l.
234 1448 333 1497 sola,
349 1448 458 1487 male.
505 1449 528 1486 l.
545 1461 576 1498 5.
589 1445 723 1500 Ἐμοῦ)
738 1447 802 1497 ἐμὲ
814 1446 856 1486 Β.
867 1448 983 1502 Jnale.
1023 1448 1045 1486 Ι.
1060 1462 1097 1501 9.
1112 1450 1239 1502 ΛΤΧ.)
1259 1454 1337 1489 ΚΤ.

69 1503 99 1542 1.
114 1502 225 1543 male.
239 1503 336 1542 Item
351 1503 404 1541 H.
417 1501 580 1541 Ceterae
591 1499 704 1540 reete.
744 1503 818 1539 ead.
836 1499 966 1553 Oisa)
980 1496 1076 1540 εῗὸον
1089 1502 1130 1540 Β.
1162 1503 1186 1542 l.
1207 1517 1262 1542 12.
1276 1503 1336 1541 ‘'z'-

68 1557 390 1609 περπεττοιικότιι)
411 1554 692 1607 ὑπερβεβηκότα
704 1553 743 1593 Ρ.
758 1554 801 1593 L.
817 1554 907 1593 Edd.
921 1554 1013 1593 nihil
1028 1556 1176 1594 variant
1190 1556 1229 1594 in
1245 1557 1336 1596 vul—

72 1622 172 1664 gata.
201 1612 225 1650 l.
242 1624 299 1660 17.
312 1611 375 1650 col.
396 1624 430 1648 2.
444 1608 775 1660 Ὕοτερβοιλλόμενοι
788 1607 804 1660 )
819 1604 1135 1659 ὑπερβαλλόμενον
1144 1609 1244 1649 male
1258 1611 1338 1651 edi·

71 1675 156 1704 tum
170 1664 312 1712 fuerat,
326 1665 367 1704 &
381 1664 668 1714 ὑπερβάλλοντα,
682 1661 871 1700 omissum.
941 1663 1031 1712 Pag.
1051 1676 1095 1701 21
1108 1677 1139 1701 1.
1153 1665 1175 1702 l.
1194 1677 1222 1702 1.
1236 1665 1338 1718 Καὶ)

74 1717 192 1758 Deest
203 1719 240 1757 in
252 1719 296 1757 B.
336 1715 593 1769 eadss‘lscosasv)
607 1715 749 1765 ἰ’ὃωμοιι
766 1715 809 1755 Β.
852 1716 874 1753 l.
893 1728 922 1766 ς.
935 1715 1018 1768 Τῷ)
1040 1715 1183 1756 Deficit
1198 1718 1338 1758 articu-

69 1771 129 1811 lus
141 1773 178 1811 in
191 1773 236 1811 B.
252 1787 286 1810 2.
301 1771 489 1823 Reliquae
503 1770 653 1808 habent.
696 1770 718 1807 l.
734 1769 770 1808 6.
784 1768 934 1820 Θέλοις)
945 1771 1066 1809 θέλεις
1082 1769 1134 1808 Fl.
1148 1771 1219 1810 Sed
1236 1785 1336 1812 -οις

71 1826 128 1864 Η.
143 1827 172 1865 I.
187 1826 233 1863 Ρ.
248 1827 285 1864 S.
315 1826 340 1862 l.
352 1840 408 1877 13.
427 1824 538 1863 Μόνος
550 1823 590 1874 ἐξ
603 1822 620 1882 )
633 1822 738 1871 μόνος
749 1816 853 1861 οὗτος
865 1821 904 1873 ἐξ
919 1823 960 1861 Β.
991 1824 1013 1860 l.
1036 1837 1092 1871 14.
1103 1824 1225 1878 ΡΑΔ.)
1238 1828 1336 1866 ΕΡΜ.

69 1879 215 1919 ·edd.m.
263 1880 353 1932 Pag.
372 1893 413 1917 21
425 1893 457 1916 2.
476 1879 498 1916 l.
514 1893 550 1926 4.
566 1876 724 1928 Οὑτοσὶ)
738 1876 797 1916 Sic
808 1877 838 1915 Ι.
854 1877 900 1916 P.
912 1876 966 1914 H.
981 1877 1018 1914 S.
1032 1877 1088 1915 Pl.
1118 1879 1140 1916 l.
1159 1891 1189 1929 5.
1205 1880 1337 1933 Κατὰ)

73 1933 135 1973 Sic
147 1945 305 1986 quoque
321 1934 488 1971 eaedem.
524 1932 548 1971 l.
560 1932 597 1971 6.
611 1932 674 1970 col.
688 1943 721 1970 1.
737 1929 1026 1984 Ἀνοιπεμποιζ.)
1045 1931 1138 1970 Vox
1152 1931 1214 1971 illa
1229 1933 1337 1986 prior

72 1986 207 2027 omiffa
218 1997 300 2026 erat
313 1987 352 2026 in
370 1986 459 2026 edit.

306 2096 1334 2114 ——-———-—-—-—=—=fi

150 2171 230 2216 IN
264 2171 362 2215 DE
395 2169 758 2214 MERCEDE
795 2167 1259 2214 CONDUCTIS.

127 2250 220 2304 Pag.
239 2265 327 2302 213.
342 2250 416 2303 Ι.9.
429 2250 672 2303 Ἐ’γεγένητο)
692 2249 818 2290 Heins.
840 2250 998 2302 ἐγένετο.
1055 2250 1144 2303 Pag.
1164 2263 1250 2297 214.
1264 2251 1287 2292 l.
1305 2264 1339 2291 1.

75 2303 329 2357 Ηῦφροιίνοντο)
341 2299 497 2356 εὖφροιίν.
514 2304 623 2343 male.
638 2303 693 2342 Pl.
704 2304 760 2343 Η.
776 2304 821 2342 P.
834 2307 873 2342 S.
887 2305 927 2343 δι
940 2305 996 2342 Μ.
1010 2299 1214 2349 samaram
1228 2307 1340 2358 peius

75 2359 116 2397 F.
135 2359 160 2397 l.
173 2372 206 2411 3.
223 2357 554 2410 Διεξεληλυθὸτες)
566 2357 628 2397 Sic
644 2359 715 2397 W.
729 2357 769 2397 &
780 2358 832 2396 V.
848 2357 960 2397 reete.
972 2357 1244 2408 Ἐξεληλυθότες
1256 2360 1337 2397 edd.

74 2424 220 2452 omnes.
249 2413 271 2449 l.
287 2426 319 2464 5.
334 2409 476 2463 Αὐτῶν)
489 2411 551 2450 Sic
565 2412 619 2450 M.
637 2410 675 2449 P.
693 2412 735 2451 δι
749 2412 801 2451 V.
814 2410 953 2450 Defuit
971 2423 1097 2449 autem
1112 2412 1149 2450 in
1160 2414 1339 2451 omnibus

77 2466 180 2504 editt.
219 2460 455 2516 cadmia-511)
471 2465 528 2503 Ex
541 2465 595 2504 M.
606 2464 644 2504 P.
660 2464 701 2504 δι
713 2465 764 2503 V.
779 2465 817 2504 in
832 2465 936 2504 editt.
948 2463 1122 2503 omissum
1135 2477 1228 2504 erat.
1266 2467 1289 2504 l.
1302 2467 1339 2505 6.

77 2520 171 2571 Πρὸς
184 2517 279 2572 τοῖς)
292 2518 352 2559 Sic
368 2519 400 2559 I.
413 2518 466 2558 Fl.
477 2519 522 2558 B.
540 2533 575 2559 2.
586 2518 640 2558 H.
652 2519 693 2558 &
707 2519 763 2558 M.
793 2519 817 2559 l.
831 2518 868 2559 8.
879 2517 1021 2571 Ἱστῶν)
1034 2515 1135 2559 ἱστοῦ
1151 2520 1220 2559 W.
1234 2520 1272 2560 δι
1285 2520 1337 2559 V.
