2015 3490
278 254 382 299 IN
451 251 1166 302 PISCATOREM.
1264 272 1355 321 493

84 341 250 389 συθιιὼν,
266 344 475 396 Delphicum
487 344 652 394 gladium.
663 343 804 384 BROD.
815 344 846 384 B
852 344 1013 384 rodaeus
1025 345 1224 398 μαχαιρίὸ
1227 361 1276 384 ιον
1291 362 1362 385 ‘srv-

82 396 200 442 θιιιὶιν,
213 397 423 448 Delphicum
436 398 600 449 gladium.
623 398 774 436 Verum
792 398 946 449 ἀτυχεῖ
956 400 1058 437 πάνυ
1076 411 1170 438 λιαν.
1196 399 1361 440 Dixiffet

84 448 206 488 saltim
220 449 452 503 Delphicum
467 451 646 490 cultrum.
677 451 749 490 Sed
763 464 887 503 neque
898 452 974 491 hoc
988 465 1116 504 neque
1127 453 1217 492 illud
1229 454 1364 494 Lucia-

85 515 162 542 nus
174 504 303 543 voluit
315 533 328 550 ‚
343 517 479 543 verum
494 505 648 556 intelligi
661 505 913 557 μαχαιριὲιον
926 508 1078 544 ,θυτικὸν
1091 506 1291 546 cultellum
1307 507 1362 547 sa·

86 555 370 597 crificatorium
383 587 393 604 ,
406 557 486 596 sive
498 558 666 597 cultrum
681 560 727 596 ad
742 558 946 604 sacrificia,
961 572 1007 597 ac
1028 556 1142 598 festos
1153 561 1232 599 dies
1246 574 1361 614 atque

88 610 233 663 epulas.
248 610 384 651 Culter
396 611 612 664 Delphicus
625 611 863 651 neceffitatis:
878 612 1055 652 cultellus
1070 612 1363 655 sacrificatorius

88 663 308 703 deliciarum
331 665 372 705 &
387 665 615 717 voluptatis.
645 666 736 704 Non
749 665 958 718 perstringit
970 677 1102 705 autem
1117 679 1176 706 res
1190 669 1235 706 ad
1251 668 1361 708 usum

86 717 244 757 huiusce
258 717 399 770 Cynici
410 718 508 758 ullas
519 718 724 766 Lucianus,
736 720 773 758 in
788 732 878 772 pera
892 723 972 759 eius
985 722 1172 768 inventas,
1188 720 1207 759 s
1203 722 1247 760 ed
1260 736 1363 774 quae

88 769 323 812 summarum
338 773 558 812 deliciarum
571 771 657 819 smr,
672 776 843 826 χρυσίον,
854 773 978 824 μῦρον,
992 773 1246 825 μαχαιριέιον
1256 780 1364 816 itm-rc-

86 827 169 871 κῆν,
183 826 410 877 κάτοπτρον,
423 826 564 871 κύβους.
582 826 751 874 Aurum,
763 838 1018 879 unguentum,
1034 827 1230 867 cultellum
1245 830 1290 868 ad
1306 829 1363 869 sa-

88 877 254 926 crificia,
275 878 472 932 speculum
485 909 496 927 ,
517 878 669 920 tefferas
682 881 756 920 ἃς.
772 881 1099 932 quemadmodum
1123 880 1366 924 sacrificatio-

86 945 158 972 nes
172 934 311 986 gumiis
323 934 523 985 epularum
537 933 756 974 occafiones
772 934 933 981 fuerint,
949 935 1108 987 longum
1125 934 1240 975 fuerit
1261 950 1365 978 nunc

89 986 317 1027 edissertare.
336 988 525 1027 MARC1L.
538 986 602 1027 De
612 988 703 1034 hoc,
717 989 806 1027 dum
820 988 969 1042 reliqua
984 1000 1185 1029 enumerat
1196 990 1241 1029 δε
1256 1004 1365 1031 enar-

88 1052 166 1087 rat,
183 1041 408 1081 Scholiastes
421 1041 540 1081 altum
553 1053 674 1090 tacet;
696 1054 822 1094 neque
832 1041 915 1083 satis
929 1043 1063 1095 liquet,
1076 1044 1272 1095 quodnam
1289 1046 1363 1085 hoc

90 1093 389 1135 instrumentum
411 1094 535 1135 fuerit.
567 1095 670 1135 Hinc
696 1096 900 1135 doctorum
931 1097 1177 1136 coniffiurae
1187 1129 1198 1145 ‚
1223 1100 1362 1151 quibu>

88 1161 215 1188 meam
228 1149 343 1188 etiam
359 1150 508 1189 addam.
522 1148 560 1188 Si
572 1149 737 1201 genuina
749 1150 840 1189 haec
853 1151 974 1189 verba
987 1149 1085 1199 sunt,
1099 1151 1143 1190 de
1155 1165 1236 1203 quo
1249 1165 1292 1192 ut
1300 1155 1364 1193 ad-

89 1203 261 1242 dubitem
272 1233 285 1249 ,
298 1202 388 1243 facit
403 1203 635 1244 Scholiastae
652 1217 675 1242 a
698 1216 759 1242 me
781 1204 856 1243 iam
875 1217 1133 1244 memoratum
1150 1205 1336 1247 stlentium
1352 1238 1363 1255 ‚

89 1256 205 1296 risum
226 1256 390 1310 captaffe
412 1258 565 1297 videtur
576 1257 768 1297 Lucianus
783 1271 831 1297 ex
851 1270 955 1298 voce
972 1259 1240 1311 μαχαιρίδων,
1263 1275 1365 1314 quae

94 1323 218 1363 aeque
237 1324 282 1351 ac
303 1311 533 1365 ἐγχειρίδιον
545 1311 591 1351 de
606 1311 704 1351 libro
719 1312 852 1365 aliquo
871 1324 1164 1365 praeceptorum
1181 1326 1226 1353 ea
1242 1327 1365 1356 aetate

93 1375 192 1404 noto
209 1364 365 1405 forfitan
380 1365 649 1418 usurpabatur.
672 1366 814 1405 Addito
829 1377 958 1406 autem
971 1369 1134 1412 θητικὸν,
1154 1369 1285 1407 iocum
1302 1371 1365 1409 de-

92 1431 201 1458 mum
214 1419 388 1472 patuiffe.
400 1419 454 1458 At
464 1420 555 1472 quid
565 1420 715 1459 tandem
729 1419 780 1459 est
791 1435 899 1472 μαχ.
910 1421 984 1459 Θυτ.
998 1421 1167 1472 inquies?
1179 1422 1289 1474 Quid
1300 1424 1365 1463 alii

91 1472 280 1522 dixerint,
302 1472 459 1513 audiisti.
485 1473 569 1527 Ego
582 1485 708 1513 tamen
721 1474 822 1513 aliud
834 1475 926 1526 quid
941 1474 1082 1514 subeffe
1096 1474 1284 1528 suspicor:
1306 1488 1365 1524 tu,

91 1539 141 1565 an
155 1526 256 1567 reEIe
267 1527 499 1567 coniecerim
509 1557 522 1573 ,
543 1527 621 1580 ipse
635 1528 771 1567 iudica.
796 1529 857 1567 Ac
872 1530 995 1581 primo
1008 1530 1160 1581 quidem
1175 1544 1274 1582 quae
1288 1531 1364 1571 Lu-

92 1580 228 1620 cianus
243 1581 288 1620 de
303 1580 537 1635 philosophis
551 1583 699 1634 magiae
713 1595 872 1634 operam
886 1582 1061 1621 dantibus
1075 1582 1257 1636 scripserit
1272 1585 1311 1623 in
1324 1586 1366 1624 li·

92 1634 199 1674 hello
210 1635 257 1674 de
278 1635 444 1676 merced.
460 1632 572 1675 cond.
585 1635 723 1688 legito:
740 1636 844 1674 hunc
862 1648 937 1688 ego
951 1637 1122 1676 cultrum
1136 1639 1182 1676 ad
1196 1651 1263 1677 eos
1275 1639 1365 1678 usus

90 1700 360 1741 comparatum
380 1690 533 1742 opinor.
557 1689 630 1728 Sed
648 1690 738 1741 quid
759 1689 787 1727 s1
808 1693 964 1741 κουρικὶν
983 1691 1086 1743 legas
1106 1704 1178 1743 pro
1191 1693 1365 1741 ὃυτικὸη

94 1742 393 1783 Vid.’Aw1s.c.
407 1757 471 1796 29,
484 1742 583 1782 Plut.
594 1743 630 1782 in
641 1743 774 1783 Dione
789 1757 826 1797 p.
849 1744 946 1793 1667
960 1743 983 1783 f.
998 1745 1039 1784 &
1051 1744 1237 1796 Polyaen.
1250 1746 1366 1786 Strat.

94 1796 205 1843 VIII,
221 1810 257 1849 p.
270 1797 348 1847 604
359 1797 402 1837 B.
415 1798 481 1836 ubi
497 1812 541 1847 μ.
554 1799 715 1850 κουρέως.
731 1796 986 1837 casaubonus
1000 1797 1192 1847 observat,
1207 1799 1364 1840 Graecis

94 1851 309 1890 cultrorum
326 1850 602 1894 mensariorum
616 1851 724 1891 usum
739 1851 801 1890 diu
812 1853 1046 1904 ignoratum,
1060 1853 1105 1891 ad
1118 1853 1259 1892 Athen.
1273 1855 1363 1903 278,

87 1918 159 1957 52.
174 1903 239 1944 De
247 1917 352 1946 voce
364 1917 491 1945 autem
505 1905 739 1958 ἓγχειρίέιον
754 1907 860 1958 quod
874 1906 971 1953 dixi,
991 1918 1127 1945 notum
1143 1906 1197 1945 est
1210 1920 1259 1946 ex
1274 1908 1366 1961 Epi-

93 1958 183 1998 &eti
197 1959 338 1999 libello.
348 1959 458 1999 Adde
469 1972 612 2007 tamen,
625 1958 654 1997 fi
666 1959 785 2006 lubet,
800 1959 930 2000 locum
941 1960 1153 2000 Philostrati
1167 1961 1363 2014 infignem,

94 2012 164 2052 sub
184 2012 302 2052 finem
315 2014 494 2054 Herodis.
517 2013 676 2054 SOLAN.

93 2119 125 2161 B
149 2067 229 2106 ibid.
251 2067 322 2105 Καὶ
342 2067 569 2121 κάτοπτρον)
596 2068 704 2108 Haec
726 2066 918 2120 eleganter
937 2068 1040 2121 apud
1057 2067 1174 2122 Apul.
1192 2068 1230 2108 in
1245 2069 1364 2123 Apol.

129 2130 270 2160 OURD.

149 2179 222 2214 ead.
236 2175 261 2213 l.
278 2187 292 2213 1
302 2188 337 2214 2.
353 2173 504 2227 Ἀνὸρὸν
515 2175 550 2215 ἐς
560 2174 646 2215 τοὺς
658 2174 846 2228 χρηστοὺς
857 2176 1102 2230 μεμιγμένοι)
1113 2176 1200 2216 Alia
1212 2176 1362 2229 Anglic.

94 2227 197 2268 Cod.
211 2227 347 2268 leffio:
370 2228 559 2278 οἱφαῦλοι
575 2229 647 2268 τῶν
662 2229 800 2281 ἀνέρῶν
821 2244 864 2268 τε
886 2230 971 2268 τοὺς
992 2230 1185 2280 χρηστοὺς
1198 2245 1365 2281 μεμιμη-

92 2281 210 2332 μένοι.
231 2282 406 2322 BOURD.
419 2288 470 2322 Σε
487 2297 525 2322 τ.
543 2299 591 2337 χ.
610 2298 803 2335 μεμιμκμ.
823 2283 874 2323 A.
891 2283 929 2323 P.
946 2284 985 2323 &
1001 2284 1043 2323 L.
1057 2283 1123 2323 nifi
1144 2286 1250 2337 quod
1263 2286 1302 2323 in
1314 2286 1365 2324 A.

96 2349 172 2390 pro
187 2351 233 2378 σε
249 2337 388 2388 legitur
401 2351 459 2377 τε.
475 2337 518 2376 In
529 2338 608 2377 edd.
622 2338 656 2377 ἐς
669 2352 704 2376 τ.
719 2352 767 2389 χ.
780 2338 1030 2390 μεμιγμένοι.
1048 2337 1207 2377 SOLAN.

149 2387 247 2444 >Pag.
265 2391 389 2438 1641.
406 2405 439 2429 2.
454 2392 584 2430 Θαλοῦ
597 2391 790 2444 στεφάνῳ)
813 2392 876 2431 Sic
896 2391 1025 2443 postea
1044 2391 1099 2440 τῷ
1116 2391 1222 2442 aaz&
1234 2392 1365 2440 στεφό-

95 2457 218 2494 μενος.
229 2443 480 2485 Grammatici
489 2445 630 2485 Graeci
641 2446 737 2485 idem
753 2445 826 2484 effe
840 2447 961 2492 aiunt,
970 2458 1014 2485 ac
1025 2445 1186 2485 Βαλλὸς·
1199 2448 1290 2499 quid
1303 2460 1367 2486 au·

100 2507 178 2537 tem
190 2500 350 2545 δαλλὶις,
366 2498 536 2539 Theocr.
551 2500 663 2539 docet
675 2499 812 2549 EidyIl.
826 2499 997 2551 Hesych.
1009 2499 1110 2539 Suid.
1121 2511 1366 2540 vocaverunt

100 2551 215 2592 etiam
229 2551 350 2606 ’όσχον
364 2555 515 2604 κρατὺς,
529 2563 574 2593 ut
591 2554 691 2607 apud
706 2552 876 2604 Hesych.
892 2554 1015 2594 verbo
1030 2553 1242 2607 χύτλασον,
1257 2554 1367 2594 cuius
