2015 3490
251 245 321 291 IN
355 245 441 291 DE
474 240 775 290 MERCEDE
810 237 1190 288 CONDUCTIS.
1262 257 1347 306 543

90 328 325 374 scribendum
341 329 369 380 ,3
379 330 465 370 τοὺς
477 328 673 371 ἀλλᾶντας
686 327 856 369 similo-cv.
868 328 933 369 De
946 330 1083 382 papyri
1099 329 1204 368 simili
1219 329 1286 369 usu
1303 330 1357 368 ibi

93 388 172 440 agit
184 387 324 426 Athen.
339 387 384 424 de
397 385 525 424 laurea
538 385 584 422 ad
600 384 813 422 mustaceos
827 382 928 422 Cato
943 383 1066 422 RR.c.
1084 397 1096 421 1
1108 398 1167 422 21.
1182 383 1307 422 GEsN.

149 441 222 479 ead.
238 440 263 479 l.
282 453 339 487 14.
351 440 408 476 Τὲι
417 436 542 490 ἄλλα)
563 436 704 475 Forsan
718 436 804 475 τοὺς
817 435 1014 475 ἀλλᾶντας
1029 435 1199 476 simam.
1215 435 1356 479 Casan.-

96 492 188 533 bon.
200 493 237 531 in
250 492 439 530 animadv.
454 491 499 530 ad
510 491 652 530 Athen.
666 489 784 542 (923,
802 488 879 542 18.)
898 490 1061 528 VORsT.
1147 533 1172 545 Ν

149 547 227 585 ibid.
241 544 497 597 Συνειλοῦσιν)
519 544 581 582 Cui
594 544 735 594 reliquas
747 543 948 595 quisquilias
959 542 1202 581 involvuntfs:
1218 544 1269 581 τὰ
1283 542 1358 582 ἄλ·

96 612 149 640 ,λοι
163 597 402 651 parenthesis.
418 597 436 636 35
453 602 496 635 τὸ
512 600 663 647 σκληρὸν
674 595 740 636 τῆς
749 598 945 647 μαλάχης
957 596 1100 646 φύλλον
1113 601 1271 646 daueros
1283 594 1356 636 ὑπὸ

98 649 212 703 λιμοῦ
224 650 500 704 παραψὸμενος.
517 649 654 688 BROD.

83 741 85 745 .
150 707 224 744 ead.
238 706 262 744 l.
280 716 339 755 15.
353 702 854 756 Hapoessbfaeevo5)Lucianus‚
864 711 907 741 ut
924 715 989 754 per
1004 714 1138 741 omnes
1152 702 1358 742 convicius

94 772 185 799 cum
206 757 487 811 potentioribus
508 768 635 808 partes
656 756 819 807 amicum
843 755 950 795 suum
972 755 1188 795 Timoclem
1212 757 1324 795 ducat
1342 786 1357 804 ‚

96 825 177 852 non
197 811 342 852 omittit
363 823 408 849 ea
422 839 432 856 ,
447 822 548 862 quae
569 810 614 849 ad
631 809 794 848 mensam
813 809 1037 861 plerumque
1056 809 1277 861 contingere
1299 809 1360 849 so-

95 865 199 904 leant
218 866 260 904 iis
272 869 285 910 ‘,
298 865 368 916 qui
381 863 560 902 Mercede
575 862 767 902 Conduffi
782 863 818 901 in
834 863 1096 914 potentiorum
1110 862 1288 902 domibus
1302 863 1360 902 vi-

27 968 33 972 ·
97 930 214 966 vant3
232 917 351 958 solere
367 929 505 969 nempe
520 917 582 962 iis,
597 916 703 955 velut
718 916 896 962 canibus,
912 915 1140 955 circumrosa
1159 915 1237 955 offa
1251 917 1360 955 relin-

95 972 184 1025 qui,
200 971 262 1011 vel
284 971 420 1010 durum
436 970 585 1009 malvae
600 969 755 1016 folium,
775 969 879 1020 quod
896 969 945 1007 illi
959 980 1086 1008 tamen
1107 969 1194 1007 laeti
1210 970 1250 1009 δε
1267 970 1360 1009 hila-

98 1038 160 1065 res
181 1037 272 1078 prae
293 1023 393 1064 fame
405 1023 644 1063 absorbeant.
665 1023 710 1061 In
726 1023 852 1062 verbis
866 1022 1025 1062 Graecis
1040 1022 1187 1061 macula
1200 1022 1253 1061 est
1265 1053 1276 1069 ,
1294 1024 1359 1063 ubi

99 1078 209 1118 miser
221 1079 282 1118 ille
295 1076 519 1117 ConduAEius
527 1077 661 1116 dicitur
673 1089 717 1115 ea
728 1106 738 1122 ‚
752 1089 850 1128 quae
863 1076 912 1114 ab
927 1076 1006 1115 aliis
1020 1075 1279 1128 negliguntur,
1292 1077 1362 1117 ἐίσ-

96 1146 206 1182 μενος
220 1129 292 1172 z‘mrb
307 1129 416 1182 λιμοῦ
429 1130 710 1183 παραψὸμενος,
728 1129 810 1182 lege
822 1129 1103 1180 παροψώμενος,
1124 1142 1145 1167 a
1160 1131 1363 1180 vroepo-sso'co·

97 1201 183 1237 μαι.
199 1185 304 1224 IENs.
316 1183 562 1237 Παραψάμ.)
577 1183 754 1224 Genuina
768 1184 861 1222 haec
874 1182 1078 1235 scriptura,
1095 1196 1191 1235 quae
1211 1185 1248 1222 in
1264 1184 1300 1222 P.
1319 1185 1361 1225 δε

99 1239 131 1278 I.
146 1239 203 1278 ed.
218 1239 414 1292 reperitur.
425 1238 515 1276 Vid.
530 1242 585 1289 Κρ.
596 1237 656 1277 ἐπ.
667 1235 799 1276 versus
810 1236 876 1275 fin.
889 1237 966 1275 Ubi
978 1249 1212 1288 quamquam
1225 1250 1362 1290 tangen-

98 1293 135 1330 di
151 1291 258 1332 sensu
273 1292 491 1344 usurpatur,
499 1290 620 1342 fitrtim
639 1290 674 1329 id
694 1290 774 1330 fieri
790 1301 993 1337 connotat,
1009 1290 1114 1342 quod
1135 1289 1197 1329 hic
1216 1294 1360 1343 optime

97 1346 295 1386 convenit.
315 1346 450 1384 Edendi
472 1355 599 1384 autem
626 1342 731 1384 sensu
751 1342 921 1395 usurpari
945 1341 1142 1393 ἅπτομαι,
1161 1344 1270 1383 nimis
1289 1358 1361 1384 no-

99 1410 200 1447 tum,
212 1412 329 1452 quam
339 1409 384 1438 ut
400 1399 462 1437 hic
475 1398 687 1437 monendus
701 1396 756 1436 sls-
773 1398 861 1436 Hoc
877 1395 982 1436 sensu
994 1396 1155 1448 usurpat
1167 1396 1298 1436 lambi.
1309 1399 1361 1438 N.

98 1453 164 1493 61.
177 1453 384 1505 Pleraeque
395 1452 476 1492 edd.
490 1452 529 1491 δι
542 1452 597 1491 Μ.
609 1450 887 1503 παραψὸμενος.
901 1450 1056 1493 SOLAN.
1071 1451 1257 1490 Nimirum
1271 1466 1362 1504 παρ-

98 1506 297 1557 αιφάμενος
309 1507 509 1559 legendum
525 1506 707 1553 arbitror,
720 1517 799 1543 non
810 1533 822 1552 ‚
835 1505 939 1556 quod
954 1503 1092 1542 invasit
1112 1504 1249 1551 libros,
1264 1520 1362 1556 παρ-

98 1560 306 1611 οι-ψόμενος,
325 1560 428 1613 quod
447 1570 606 1599 vertunt
625 1571 843 1612 arrupturus:
859 1556 970 1609 (edit.
985 1557 1162 1596 Bourdel.
1178 1557 1202 1596 f.
1217 1573 1363 1611 arreptu-

101 1614 180 1667 rus)
193 1613 257 1654 vel
269 1626 465 1667 accepturus
478 1613 562 1664 (ed.
576 1612 696 1651 Amst.
708 1613 724 1664 )
737 1611 808 1651 Sed
818 1640 829 1658 ‚
846 1610 874 1649 (ι
886 1612 970 1662 quis
983 1611 1162 1650 audacior
1174 1611 1265 1650 duas
1278 1613 1364 1651 lite-

84 1680 162 1706 ⁴ras
183 1677 329 1707 mutare
350 1667 522 1706 sustineat
536 1694 546 1714 ‚
564 1666 625 1704 ille
640 1665 783 1705 sensum
804 1664 952 1702 habebit
967 1663 1113 1703 facilem
1128 1664 1169 1703 &
1185 1677 1362 1705 commo-

99 1721 214 1768 dum,
230 1720 510 1773 παροψώμενος,
528 1733 617 1759 cum
638 1732 760 1772 pane,
775 1717 922 1771 opsonii
942 1717 1069 1765 instar,
1090 1718 1214 1757 edens.
1231 1718 1360 1758 GESN.

99 1775 194 1814 Non
206 1776 385 1827 improbo
401 1773 681 1814 correffionem
694 1771 805 1812 Iensii
816 1803 826 1820 ,
839 1784 952 1824 quam
965 1771 1006 1810 δι
1019 1770 1210 1811 Gesnerus
1223 1774 1363 1824 ample.

101 1828 228 1875 &itum
241 1829 360 1868 immo
373 1826 589 1881 recepissem
604 1827 643 1865 in
654 1835 897 1873 contextum,
911 1824 939 1863 fi
948 1838 1082 1864 verum
1096 1823 1209 1870 foret,
1226 1827 1365 1877 priscas

100 1883 184 1922 edd.
202 1882 339 1922 habere
355 1881 627 1934 παροψὸμενος,
640 1882 697 1920 uti
708 1879 828 1931 vulgo
844 1880 989 1918 citatur.
1008 1878 1063 1917 At
1076 1891 1162 1917 cum
1177 1879 1280 1925 illae,
1294 1892 1363 1919 ex·-

100 1947 210 1989 cepta
220 1937 252 1975 I.
263 1934 427 1976 habeant
438 1933 644 1986 παραψομ.
657 1934 699 1973 δε
712 1933 751 1972 Ρ.
766 1944 879 1985 atque
892 1932 948 1971 ed.
963 1932 991 1969 I.
1006 1931 1279 1983 παραψάμενος
1297 1931 1361 1972 ex-

101 1989 277 2036 hibeant,
292 2002 313 2028 a
328 1989 582 2040 ·παρέιπτομωι
601 1988 730 2041 attingo
744 2016 754 2034 ,
771 1987 875 2040 quod
894 1985 979 2026 ferri
1002 1985 1148 2038 potest,
1164 1986 1256 2025 nihil
1278 2000 1363 2026 mu-

102 2054 184 2083 tare
197 2042 403 2082 consultius
415 2042 516 2081 duxi.
528 2041 669 2082 Rmz.

156 2098 192 2136 in
201 2098 316 2135 schol.
329 2097 354 2134 l.
376 2109 407 2135 1.
421 2095 568 2148 Κυρίως)
578 2095 641 2134 Sic
652 2094 797 2147 optime
809 2092 1132 2133 abbreviationem
1148 2092 1299 2132 Cod.V.
1314 2093 1365 2134 le-

103 2149 157 2204 git
169 2150 196 2189 1.
206 2149 454 2195 Gronovius,
467 2149 532 2201 qui
541 2149 699 2188 eandem
712 2147 929 2187 observavit
943 2149 979 2185 in
993 2146 1116 2186 Schol.
1130 2147 1174 2185 ad
1188 2159 1364 2188 καταπλ.

101 2218 170 2257 73,
182 2202 251 2242 nisi
265 2203 372 2256 quod
384 2203 435 2241 ibi
447 2202 524 2242 levi
535 2202 746 2242 mutatione
761 2201 870 2253 κύριον
884 2200 1061 2253 designat.
1076 2200 1230 2239 δοῖ-ΑΝ.

159 2257 250 2310 Pag.
265 2270 352 2309 249.
367 2256 390 2294 l.
407 2272 444 2305 4.
461 2259 618 2295 Νεοττὶς
632 2254 825 2307 ὗμὶτομος)
845 2253 987 2293 Omnia
1000 2254 1112 2293 huius
1131 2254 1288 2306 paginae
1308 2266 1367 2293 re-

104 2311 304 2363 periuntur
326 2311 364 2348 in
388 2309 533 2362 Lapith.
555 2309 727 2349 BOURD.
751 2308 870 2360 Quos
897 2307 1124 2359 respuebant
1145 2319 1294 2346 veteres
1314 2307 1366 2346 illi

100 2364 234 2415 pullos,
248 2376 319 2402 nos
333 2363 448 2402 hodie
464 2363 501 2401 in
515 2363 656 2402 deliciis
666 2362 819 2401 summis
834 2361 1029 2400 habemus.
1043 2360 1113 2402 Sed
1126 2361 1162 2399 in
1176 2361 1274 2400 hisce
1289 2360 1367 2399 sae-

106 2418 215 2470 pius,
236 2429 316 2455 non
330 2417 435 2469 quod
457 2429 591 2455 revera
611 2416 876 2468 praestantius,
894 2414 954 2454 sed
971 2415 1075 2467 quod
1094 2414 1214 2453 rarius
1232 2414 1283 2454 est
1298 2425 1365 2453 aut

106 2471 246 2519 carius,
260 2470 567 2522 quaeritur.Vid.
581 2480 707 2509 tamen
722 2470 860 2508 Horat.
875 2468 992 2508 Serm.
1011 2468 1138 2509 I:Aut
1149 2471 1292 2521 ‘pofitum
1304 2483 1368 2507 an-

109 2536 140 2564 te
150 2540 222 2563 mea
232 2525 312 2578 quia
320 2524 454 2577 pullum
461 2535 559 2577 parte
572 2524 675 2564 catini
687 2523 761 2564 διε.
776 2523 932 2563 SOLAN.
