2015 3490
247 266 316 312 ῙΝ
350 267 435 314 DE
470 267 789 318 MERCEDE'
813 244 1191 318 CONDUC‘HS.
1264 286 1355 337 537

94 348 255 404 ὖπερώην
265 353 304 392 δ’
316 349 379 393 οὐκ
392 354 521 404 exime,
532 355 630 395 male
644 356 682 394 in
695 355 904 396 novistimis
914 356 1011 396 εἰὸὸς
1021 371 1090 411 pro
1106 357 1224 399 siffis.
1237 359 1357 399 Dein-

93 406 142 445 de
157 405 288 446 versus
301 407 374 455 ille,
386 409 513 448 utiam
529 410 622 448 vidit
638 410 851 457 Marcilius,
870 411 920 449 ita
935 412 1125 464 legendus,
1140 413 1274 452 Χείλεα.
1287 415 1355 463 μέν

95 458 134 503 τ’
148 459 335 510 {slpv'sscc-
357 461 418 500 Est
431 475 478 500 ex
493 462 535 502 Il.
554 469 582 500 X
595 493 606 510 ‚
621 477 660 501 v.
674 477 724 515 49
734 477 765 514 5,
778 464 843 502 ubi
856 464 965 516 plane
980 467 1033 503 ita
1050 465 1229 506 scribitur.
1242 466 1354 508 ‘IENs.

145 514 223 550 ead.
239 514 261 552 l.
284 527 341 562 ¹4·
356 515 408 552 Ἐν
423 514 582 567 ἑορταῖς)
604 516 751 568 Utpote
764 516 1037 557 Saturnalibus.
1054 519 1194 559 Bnon.

146 566 226 604 ibid.
242 566 340 606 Εὶιίος
360 567 458 617 ἣμᾶς
471 569 662 622 παρεξειν)
678 569 770 608 lens.
785 570 901 609 Leut.
916 571 1007 610 Luc.
1023 586 1058 624 p.
1078 587 1102 625 9
1119 573 1215 611 bene
1230 573 1354 613 obser-

93 631 179 665 vat,
194 618 269 658 falli
283 620 425 661 Thom.
437 622 676 674 Magistrum,
687 624 754 675 qui
768 623 860 662 εἰκός
875 624 955 662 ἐστι
973 638 1170 677 nunquam
1182 638 1271 665 cum
1294 626 1354 665 fu·-

97 679 189 712 turo
204 673 369 713 construi
384 687 531 723 narrat3
549 689 638 715 nam
653 678 694 718 &
714 677 763 716 fic
783 677 919 716 iterum
935 677 1072 717 Noster
1088 679 1200 732 supra
1224 680 1261 718 in
1285 681 1354 719 Ni-

93 726 187 778 grin.
205 727 221 776 §
236 740 298 780 23,
310 726 494 780 φρονήσειν
510 731 657 769 ἐκείνους
668 731 760 768 εἰκός
775 729 868 769 ἐστι.
895 730 1036 770 REl‘rz.

43 824 46 826 v
148 781 238 833 Pag.
254 795 340 834 239.
358 782 381 820 l.
393 796 430 831 7.
452 783 636 822 Τάλαντει
648 784 713 823 καὶ
723 783 936 837 μυριάδας)
963 784 1052 825 Vid.
1066 785 1205 825 iterum
1226 786 1263 826 in
1277 786 1354 827 Ca·

93 834 182 886 tapl.
205 847 237 874 c.
261 847 319 884 ¹7·
341 834 499 875 SOLAN.

146 890 221 928 ead.
240 888 263 925 l.
278 901 314 940 9.
333 890 479 929 Σαίνεις
493 911 537 919 -
554 888 619 929 τὴν
635 888 866 944 ὑπόσχεσιν)
883 891 1026 931 Σοιίνειν
1044 893 1197 944 proprie
1211 905 1350 933 canum

92 938 167 980 effe
180 941 340 980 caudam
355 944 577 995 agitantium
588 975 597 989 ‚
623 944 663 984 δι
675 944 735 983 hic
747 945 791 983 ad
805 944 979 984 homines
992 947 1213 986 translatum
1226 977 1235 992 ‚
1256 949 1354 986 blan-

92 994 158 1032 diri
172 993 393 1046 significare,
404 996 504 1036 τεέὶε
521 998 672 1049 quidem
687 999 814 1045 tradit,
825 999 864 1036 &
877 999 1060 1051 exemplis
1075 999 1199 1040 firmat
1211 1000 1354 1041 Elsner.

92 1048 169 1086 adl
184 1048 309 1089 Theff.
327 1064 344 1102 3
359 1079 369 1097 ‚
386 1064 428 1102 3,
450 1049 594 1100 (ausim
608 1052 800 1090 σαίνεσὲιαι
813 1051 889 1090 &c.
912 1053 1082 1101 Verum,
1100 1066 1189 1093 cum
1208 1053 1248 1093 δε
1261 1054 1353 1095 haec

92 1101 253 1141 Luciani
268 1104 386 1142 verba
406 1104 541 1143 ibidem
560 1103 694 1143 afferat
712 1107 845 1144 σαίνεις
865 1101 1100 1158 ὑπόσχεσιν,
1125 1117 1327 1160 vertatque
1341 1139 1354 1156 ‚

91 1156 256 1195 blandiris
270 1157 376 1209 largis
393 1159 573 1210 promiffi‘s,
594 1158 744 1197 Videtur
763 1171 828 1211 per
847 1157 1120 1199 festinationem
1135 1158 1355 1212 ὑποσχέσε-

93 1223 150 1250 σιν
164 1209 289 1263 legiffe
299 1241 308 1256 ,
323 1224 394 1263 pro
406 1208 631 1264 ὑπέσχεο-ιν·
645 1225 760 1264 quam
776 1224 900 1251 tamen
914 1212 1114 1253 lefflonem
1128 1227 1206 1254 non
1219 1215 1354 1254 reiice-

92 1275 173 1302 rem
183 1292 196 1308 ,
214 1263 242 1302 fi
255 1264 340 1317 quis
354 1265 451 1305 Cod.
475 1267 540 1305 vel
556 1266 640 1306 edit.
654 1267 812 1318 antiqua
826 1266 1022 1306 addiceret.
1043 1267 1125 1306 Iam
1138 1281 1235 1307 vero
1247 1271 1355 1308 κατὰ

93 1318 158 1357 vel
170 1316 239 1356 st&
251 1318 403 1358 videtur
416 1319 697 1372 intelligendum
710 1350 721 1368 ‚
733 1330 776 1359 ut
791 1318 834 1358 sxt
843 1349 854 1364 ,
869 1321 1030 1360 blandiris
1040 1322 1098 1359 tibi
1107 1334 1241 1374 propter
1250 1323 1352 1372 ροίἰὶ4

92 1371 293 1412 citationem.
315 1373 392 1412 Vel
412 1387 499 1413 cum
512 1374 556 1413 cl.
572 1371 687 1414 Gesn.
703 1373 746 1412 ad
767 1373 919 1423 νομίζεις
937 1373 1187 1414 referendum.
1209 1376 1354 1415 Rmz.

147 1429 221 1464 ead.
235 1426 258 1464 l.
280 1439 337 1465 12.
362 1430 502 1466 Χείλεοι
521 1426 636 1476 μέντ’
653 1426 801 1479 ἑέίῃνεν)
824 1427 925 1466 Haec
941 1429 1036 1467 labra
1051 1429 1254 1479 irrigarunt,
1271 1443 1352 1469 non

58 1512 59 1519 ,
92 1479 282 1531 palatum:
302 1480 395 1520 haec
409 1494 430 1520 e
443 1480 595 1520 summis
605 1491 752 1519 tantum
765 1480 878 1519 labris
890 1481 1197 1534 proficiscuntur,
1211 1496 1288 1522 non
1303 1496 1352 1523 ex

92 1534 380 1573 animo.BRon.
395 1534 537 1575 Melius
550 1533 646 1573 infra
659 1534 713 1573 est
723 1565 733 1581 ‚
747 1536 891 1584 χείλεα
902 1535 969 1583 μέν
983 1537 1019 1574 τ’
1032 1536 1149 1583 ε’ὃίῃνζ
1162 1537 1353 1578 MARCIL.

91 1585 134 1625 Il.
147 1593 193 1634 X,
206 1602 256 1639 49
265 1600 298 1640 5,
310 1588 355 1628 de
370 1588 602 1639 AstyanaQe
612 1588 738 1640 primis
753 1589 870 1627 modo
879 1588 990 1628 labris
1003 1589 1219 1642 degustante
1231 1604 1354 1643 pocu-

91 1640 184 1680 lum.
204 1641 303 1682 Vult
318 1655 455 1694 nempe
468 1643 566 1682 inter
577 1642 750 1695 suprema
763 1641 867 1682 labra
886 1653 973 1682 nata
988 1643 1093 1696 quasi
1110 1643 1227 1683 verba
1238 1675 1250 1692 ‚
1272 1657 1353 1684 non

91 1694 265 1748 profeGia
277 1708 326 1735 ex
338 1697 476 1735 animo.
495 1696 622 1736 GEsN.

146 1749 229 1789 ibid.
240 1748 384 1802 Tffif)
399 1749 462 1789 Sic
476 1750 721 1795 restituimus,
735 1748 788 1789 uti
805 1749 904 1801 apud
918 1750 1186 1790 Homerumll.
1200 1757 1245 1797 X,
1260 1765 1353 1804 495,

92 1802 195 1843 reike
204 1803 359 1856 legitur,
368 1804 473 1857 quod
488 1816 576 1843 cum
588 1817 609 1843 a
624 1803 801 1843 Marcilio
817 1803 892 1842 iam
907 1803 1150 1843 observatum
1163 1804 1267 1852 effer,
1285 1808 1352 1844 mi-

91 1869 161 1897 ror
175 1856 320 1905 έέίῃνεν,
333 1857 439 1911 quod
449 1870 583 1898 omnes
597 1869 726 1910 turpat
740 1856 819 1897 edd.
834 1858 947 1898 etiam
960 1858 998 1896 in
1010 1858 1048 1895 S.
1064 1868 1265 1898 retentum.
1277 1859 1352 1898 So-

92 1921 191 1950 LAN.
203 1910 352 1962 Ἐὃίῃνεν
366 1911 506 1951 editum
522 1922 622 1958 erat,
636 1912 675 1950 in
688 1911 813 1950 medio
827 1910 962 1958 versu,
985 1912 1092 1963 quod
1103 1923 1254 1952 mutare
1266 1913 1352 1952 nul-

90 1964 151 2004 lus
163 1964 357 2013 dubitavi,
376 1966 466 2018 quia
479 1976 642 2005 metrum
657 1957 695 2004 id
707 1964 930 2017 postulabat.
944 1965 1084 2004 Rmz.

145 2019 225 2058 ibid.
236 2018 436 2072 Ὕπερώην)
457 2018 573 2059 Hom.
588 2019 630 2059 11.
645 2025 688 2057 X.
709 2019 851 2058 BROD.

145 2076 219 2112 ead.
233 2074 257 2112 Ι.
277 2086 336 2124 15.
353 2073 494 2125 Μέσον)
513 2073 592 2112 Iam
619 2071 825 2112 interfuiffe
844 2071 1008 2112 amicum
1034 2085 1155 2112 unum
1176 2083 1242 2112 aut
1264 2072 1354 2113 alte-

91 2139 178 2167 rum
199 2140 230 2167 c.
251 2140 377 2180 praec.
390 2138 605 2167 monuerat.
623 2127 699 2166 Hic
719 2138 814 2178 ergo
835 2139 934 2165 unus
957 2139 1006 2165 ex
1020 2126 1077 2165 his
1100 2138 1227 2180 partes
1240 2126 1351 2167 hasce

91 2179 253 2233 suscipit.
267 2181 355 2220 Vid.
373 2181 511 2220 iterum
527 2180 683 2220 ’Arnus⁸
696 2193 727 2220 c.
745 2194 806 2232 29.
827 2180 983 2219 SOLAN.

147 2235 236 2286 Pag.
248 2235 367 2283 240.l.
380 2249 414 2273 2.
425 2234 647 2287 Ὁμογέρων)
661 2233 889 2273 Foediffimo
899 2233 1040 2273 mendo
1054 2232 1116 2272 hic
1130 2233 1352 2286 inquinatos

91 2289 382 2328 emendavimus
401 2288 538 2330 libros:
560 2289 652 2341 quid
665 2288 766 2327 enim
781 2288 827 2327 ad
847 2301 926 2327 rem
945 2287 1087 2340 quaeso
1108 2288 1222 2336 illud,
1246 2289 1352 2339 quod

91 2341 311 2395 praeferunt
325 2341 513 2395 ὠμογέρων
524 2357 537 2390 3
550 2342 660 2394 Quid
673 2342 763 2381 velit
779 2343 882 2394 apud
899 2342 1128 2387 Homerum,
1142 2354 1223 2380 non
1245 2342 1353 2394 igno-

91 2409 154 2442 ro,
166 2395 209 2434 Il.
221 2400 277 2441 Ψ,
290 2408 362 2448 791
378 2410 389 2443 ·,
407 2409 536 2448 neque
553 2409 612 2435 me
625 2396 715 2435 latet
726 2395 988 2447 Virgiliicruda
1002 2395 1351 2447 viridiffiuefineffus,

91 2450 192 2490 Aen.
206 2449 264 2489 VI
275 2481 286 2497 ,
312 2463 401 2501 304,
421 2449 463 2488 &
477 2450 599 2490 Tacit.
617 2450 656 2488 in
670 2451 737 2488 vit.
755 2449 881 2501 Agric.
911 2449 997 2488 Scio
1020 2462 1042 2488 a
1055 2448 1197 2487 Nostro
1211 2449 1256 2487 de
1273 2462 1351 2488 anu

90 2503 255 2555 quadam
269 2503 411 2544 dIRUtn
425 2502 503 2553 ὧμὴ
519 2504 582 2542 noe)
594 2503 650 2542 ἔτι
666 2502 970 2553 συμπεπηγυιὲι,
981 2502 1052 2541 ‘Er
1068 2501 1106 2541 ὃ.
1119 2502 1188 2541 IV.
1203 2502 1273 2541 Sed
1287 2502 1349 2540 hie

91 2556 222 2600 locum
240 2556 307 2598 ista
319 2570 398 2599 non
422 2557 573 2598 habent.
593 2557 770 2598 Vorstius
789 2555 1016 2610 marginisui
1039 2556 1138 2597 Cod.
1153 2556 1227 2596 hoc
1240 2554 1348 2598 scho->
