2015 3490
216 266 287 315 IN
320 267 406 315 DE
440 264 744 314 MERCEDE
779 249 1159 318 coNDucTts.
1233 286 1318 340 545

7 374 10 376 ·
55 350 233 401 debatur,
251 368 346 395 cura
364 355 406 394 iis
423 367 505 394 erat
517 355 726 394 adhibenda
739 386 751 405 ,
767 366 811 395 ut
824 356 996 396 biberent
1008 371 1104 398 auro
1117 359 1180 398 vel
1192 372 1326 414 argeti*

57 419 114 448 to.
129 410 199 450 Sed
211 422 260 448 an
273 409 364 448 illud
380 410 522 448 vitrum
541 408 660 449 foffile
676 410 811 456 fuerit5
829 411 874 450 de
893 424 973 463 quo
991 412 1179 452 Herodot.
1196 414 1236 453 L.
1251 415 1323 464 111,

46 465 108 501 ⁴zm
122 476 219 502 vero
233 464 318 515 igne
331 463 568 501 elaboratum
579 493 588 507 ,
602 475 645 501 ut
658 476 678 501 a
708 464 757 502 ud
774 476 845 502 nos
855 494 866 512 ‚
880 464 1049 503 dubium.
1067 465 1198 505 PALM.
1215 468 1324 520 Quid

57 517 212 563 mirum,
226 519 368 555 vitrum
383 516 456 554 iam
471 518 506 554 in
522 515 591 555 usu
605 515 657 554 fui
689 530 710 555 e
725 517 878 556 Luciani
893 528 1080 570 tempore,
1093 521 1200 560 cuius
1210 524 1324 562 etiam

57 571 183 608 multo
196 570 428 622 antiquiores
444 572 703 608 meminerunt
715 600 727 616 ‚
743 582 787 609 ut
798 571 896 610 Hor.
912 571 925 610 l
941 571 1016 610 Od.
1032 585 1045 610 1
1055 575 1076 610 ὃ
1093 571 1116 611 f.
1129 569 1325 629 Aic'am'que

0 625 1 676 l
53 622 141 672 fides
150 624 292 676 prodiga
302 623 503 676 perlucidior
513 624 612 661 vitro.
627 623 777 663 Lucret.
795 623 870 670 IV,
883 638 918 676 p.
937 638 1005 672 127
1017 625 1073 664 ed.
1088 625 1214 666 Gifan.
1230 631 1324 680 Qua·

0 677 1 728 ζ
57 676 198 727 liasunt
210 678 308 722 vitri,
319 676 446 728 species
465 691 550 728 quae
568 679 715 728 transeat
725 677 845 716 omnis.
860 677 1010 717 Calices
1030 691 1156 718 autem
1178 683 1324 723 vitreos

0 733 1 775 ᾖ
57 729 210 769 Romae
235 729 342 783 p'ulso
364 742 462 769 auro
491 742 607 782 atque
624 741 787 783 argento
809 730 1009 771 confectos
1026 756 1038 779 ,
1064 733 1246 784 crystallo
1267 738 1324 776 vi⁴

0 781 2 836 ξ
26 787 29 789 ’
56 783 194 830 liores,
210 784 250 822 δι
271 784 467 837 perexigui
484 784 617 836 pretii,
632 785 828 836 multaque
846 784 915 824 alia
933 785 979 824 de
998 786 1103 825 vitro
1121 788 1324 829 traditSal-

0 867 1 871 ,
57 836 147 876 mas.
161 839 198 876 in
213 837 306 877 Plin.
320 837 484 876 Exercit.
499 850 534 889 p.
551 838 629 889 769
640 867 653 883 ,
667 837 707 876 &
723 838 819 877 alibi.
835 837 898 877 De
913 839 1142 879 inventione
1158 843 1246 881 vitri
1259 844 1324 883 vel

58 890 161 930 mille
175 904 296 931 annos
309 903 395 930 ante
405 889 598 929 Christum
610 902 740 930 natum
749 921 759 939 ,
775 891 851 931 vid.
865 893 1075 932 Memoires
1085 894 1130 933 de
1140 894 1326 936 Literatu-

62 955 105 983 re
116 945 166 984 T.
182 945 199 984 I
213 973 222 991 ‚
245 958 279 998 p.
296 959 310 983 1
322 959 366 997 33
381 959 393 992 3
405 945 450 984 de
463 945 660 984 locutione
674 957 800 984 autem
812 946 915 998 bibere
925 946 962 983 in
976 961 1058 984 auro
1075 961 1147 999 pro
1161 964 1204 988 ex
1215 979 1226 997 ,
1245 961 1322 989 tam

58 997 199 1037 Latinis
210 1030 221 1046 ‚
235 1010 353 1051 quam
365 998 524 1038 Graecis
542 997 677 1037 usitata
693 1029 705 1045 ,
720 999 795 1038 vid.
809 998 948 1050 Cuper.
962 999 1053 1038 Obs.
1068 1001 1108 1040 L.
1123 1016 1144 1040 2
1155 1033 1167 1050 ,
1181 1015 1213 1043 c.
1227 1003 1264 1049 8,
1279 1004 1322 1044 ὅτ.

59 1051 226 1092 libellum
241 1051 412 1092 nostrum
425 1053 471 1091 de
486 1052 698 1104 Ambiguis.
713 1052 768 1092 Ita
782 1051 938 1097 viciffim
951 1052 991 1091 ἐκ
1005 1066 1076 1104 pro
1089 1056 1123 1093 ἐν
1138 1055 1275 1096 Strabo
1291 1058 1323 1105 1,

57 1119 96 1158 p.
110 1121 133 1153 4
144 1136 155 1154 ‚
169 1105 185 1158 (
199 1107 242 1144 al.
265 1121 285 1144 2
300 1105 315 1158 )
331 1107 400 1144 Καὶ
418 1105 503 1144 τοὺς
516 1106 682 1158 ἀστέρας
694 1108 931 1156 λελουμένους
954 1106 993 1157 ἐξ
1010 1106 1182 1148 Ὠκεανοῦ
1201 1112 1320 1164 λέγει·

28 1176 31 1178 ’
58 1170 102 1198 ut
126 1160 199 1198 alia
216 1161 405 1199 omittam.
424 1159 592 1198 Similem
613 1159 691 1198 fere
715 1159 884 1212 praepos.
902 1162 1221 1212 permutationem
1243 1166 1322 1204 vid.

59 1225 166 1252 mox.
181 1213 364 1253 Ceterum
386 1211 452 1252 τοῦ
473 1213 563 1252 οἴνου
582 1213 748 1252 additum
763 1213 816 1263 τῷ
829 1214 940 1252 πίνειν
962 1215 999 1252 in
1023 1227 1140 1268 marg.
1157 1219 1206 1257 A.
1225 1232 1239 1256 1
1262 1222 1318 1257 W.

53 1265 131 1306 -Sed
145 1267 260 1319 gloffa
275 1268 404 1320 potins
417 1266 469 1306 est
479 1297 490 1314 ‚
513 1279 628 1319 quam
646 1268 800 1306 varians
818 1266 943 1306 lectio.
960 1267 1101 1308 Rmz.

111 1323 184 1360 ead.
200 1323 223 1360 l.
240 1335 273 1374 3.
287 1320 348 1359 Ὡς
361 1321 413 1371 μὴ
428 1319 669 1373 ἐλεγχθείης)
684 1322 724 1359 ln
740 1321 865 1360 vitreo
878 1321 991 1360 calice
1003 1322 1144 1362 bibens.
1157 1324 1322 1365 Maxtial.

60 1372 398 1427 Prodatperspicuzcs
411 1391 450 1412 ,ηε
462 1377 528 1412 duo
548 1375 629 1412 vina
643 1375 745 1413 cdlix.
764 1375 903 1413 BROD.

111 1431 184 1466 ead.
199 1430 222 1468 l.
239 1441 272 1479 5.
284 1427 325 1466 ‘O
338 1427 453 1480 ταῖς)
471 1429 597 1466 Servus
604 1440 722 1477 potum
739 1429 940 1480 ministrans.
957 1428 1096 1469 BROD.

112 1481 190 1520 ibid.
208 1479 566 1534 065’62‘i0v71301nsv)
580 1482 814 1530 H0m.11.11r‚
829 1496 917 1534 430.
931 1482 1087 1522 SOLAN.

111 1537 184 1574 ead.
197 1535 402 1585 l.-7.“Oncv
421 1535 481 1587 σε)
496 1535 645 1574 Omnes
661 1536 739 1575 edd.
754 1535 850 1574 male
864 1535 952 1573 ὅτάν
967 1549 1023 1574 σε.
1038 1535 1161 1588 Quasi
1177 1537 1322 1578 encliti-

57 1601 104 1628 ca
124 1587 236 1641 poffit
263 1590 432 1629 traiicere
458 1600 656 1642 acce-ntum
680 1590 718 1628 in
743 1589 982 1628 vocabulum
1012 1600 1322 1642 paroxytonum.

58 1642 197 1682 Millies
216 1655 342 1682 tamen
362 1642 412 1682 fic
433 1654 612 1696 peccatur
633 1642 669 1681 in
690 1643 850 1682 aliorum
872 1641 984 1681 etiam
1003 1643 1203 1684 auctorum
1219 1647 1323 1687 editt·

16 1728 18 1731 ,
59 1696 223 1736 maxime
236 1698 274 1735 in
285 1696 446 1741 scholiis,
460 1709 548 1735 cum
561 1709 686 1736 tamen
699 1697 777 1736 duo
789 1705 967 1736 accentus
977 1698 1078 1736 acuti
1088 1710 1168 1737 non
1181 1699 1322 1751 queant

60 1762 252 1803 occupare
268 1752 360 1790 duas
373 1749 536 1801 syllabas
548 1752 752 1802 contiguas
761 1781 774 1797 ,
788 1749 848 1790 sed
860 1763 1021 1789 vacuam
1037 1751 1166 1791 deceat
1179 1752 1253 1791 else
1268 1754 1322 1793 in-

60 1805 302 1852 termediam;
317 1805 423 1857 quod
436 1816 564 1843 tamen
576 1817 656 1843 non
670 1804 832 1857 operose
846 1816 1056 1852 monerem,
1072 1804 1138 1843 nifi
1153 1806 1321 1848 viderem

60 1858 173 1897 etiam
189 1858 301 1897 hodie
311 1860 419 1897 viros
430 1857 564 1897 άοξὶος
578 1857 752 1910 persaepe
764 1859 802 1896 in
813 1858 1080 1896 encliticorum
1095 1871 1250 1899 accentu
1264 1873 1324 1899 re-

61 1912 121 1951 &e
132 1911 359 1952 collocando
373 1913 559 1951 aberrare.
571 1912 631 1950 Sic
651 1911 760 1963 supra
775 1925 807 1951 c.
830 1926 874 1964 23
901 1924 1060 1963 quoque
1075 1913 1172 1952 male
1186 1914 1322 1954 edeba-

62 1975 126 2004 tur
138 1963 262 2016 ὥσπέρ
274 1980 347 2012 τις,
359 1965 464 2018 quod
476 1964 644 2016 sim-iliter
655 1962 901 2005 correximus.
915 1965 1057 2004 RErrz.
1122 1971 1124 1973 '

113 2021 186 2058 ead.
201 2021 224 2058 l.
246 2020 282 2058 8.
299 2020 434 2058 Ἰωνικὰ,
448 2018 626 2071 ξυνείρων)
639 2022 716 2069 Qui
729 2020 846 2058 Ionica
860 2021 1030 2064 carmina,
1045 2020 1108 2058 hoc
1121 2021 1179 2072 est,
1193 2032 1321 2060 amato-

58 2073 111 2114 tia
124 2074 282 2112 contexit.
293 2072 433 2113 BRoD.
443 2074 530 2113 Vid.
543 2073 640 2111 infra
653 2074 699 2112 de
710 2073 796 2112 Salt.
812 2074 847 2112 c.'
856 2084 918 2125 79.
932 2073 1078 2112 RmTz.

113 2127 193 2165 ibid.
206 2126 327 2179 Ἀλεξ,
344 2126 456 2180 ἀνθρ.)
468 2127 703 2166 Dubitabam
717 2127 958 2178 aliquamdiu,
968 2127 1167 2179 histrionem,
1176 2139 1224 2166 an
1238 2129 1324 2167 Mu-

52 2183 161 2233 ficum
174 2179 400 2233 defignaret:
414 2194 504 2220 cum
516 2180 640 2219 subito
651 2180 848 2227 succurrit,
858 2181 963 2232 quod
976 2182 1014 2218 in
1026 2186 1153 2230 Συμπ.
1167 2181 1212 2220 de
1223 2181 1324 2223 scur-

60 2248 103 2274 ra
115 2234 227 2273 habet
237 2234 284 2273 ad
294 2235 558 2274 exhilarandos
569 2237 758 2275 convivas
773 2235 949 2281 induct03
966 2234 1011 2273 de
1030 2247 1113 2285 quo
1127 2247 1228 2287 quae
1247 2236 1324 2276 illic

89 2288 342 2335 raedicantur,
354 2300 430 2328 tam
444 2288 502 2329 his
512 2288 644 2327 similia
656 2287 755 2334 sunt,
771 2298 812 2328 ut
828 2286 970 2327 neceffe
981 2287 1025 2326 fit
1036 2300 1085 2326 eu
1091 2287 1199 2327 ndem
1213 2299 1322 2329 utro—

54 2300 176 2394 {ique
192 2342 387 2381 hominem
405 2343 577 2381 Luciano
599 2342 842 2384 obversatum
864 2340 980 2381 fuiss'e.
996 2342 1126 2380 Unum
1151 2354 1252 2382 nunc
1265 2356 1324 2385 re·

60 2395 196 2443 staret,
210 2406 254 2435 ut
265 2396 354 2448 quid
370 2395 414 2434 sit
427 2397 565 2434 Ἰωνικὰ
580 2395 736 2447 ξυνείρων
751 2396 963 2434 assererem:
981 2395 1204 2447 interpretes
1221 2397 1326 2435 enim

60 2449 108 2489 de
128 2462 201 2495 eo,
215 2450 274 2502 qui.
295 2450 388 2489 iocos
412 2451 544 2488 Ionicos
565 2451 734 2495 contexit,
750 2450 973 2501 intelligunt.
989 2448 1072 2500 Ego
1093 2460 1189 2488 vero
1210 2451 1325 2491 diale-

60 2503 164 2542 &um
179 2513 328 2542 tantum
344 2503 508 2543 hominis
522 2504 647 2542 notari
660 2504 854 2549 existim03
868 2504 986 2541 immo
998 2502 1104 2554 quod
1119 2502 1195 2542 alio
1212 2505 1247 2541 in
1264 2507 1323 2544 lo-

40 2569 110 2598 -co
121 2557 194 2595 iam
207 2556 363 2596 laudato
375 2557 440 2604 ait,
453 2557 724 2609 Αἰγυπτιάζων
738 2556 783 2609 τῇ
793 2556 908 2608 φωνῇ,
921 2555 1008 2599 satis
1019 2556 1055 2593 id
1067 2557 1246 2597 evincere
1257 2569 1324 2609 pue

147 2610 291 2650 Luciam
325 2614 362 2651 V
358 2611 404 2651 ol.
431 2611 504 2651 Ill.
521 2648 524 2650 Α
730 2610 734 2612 ’
986 2609 1032 2648 Μ
1047 2622 1084 2647 m
