2015 3490
236 269 307 314 IN
341 269 428 315 DE
462 269 770 316 MERCEDE
807 251 1187 316 CONDUCTIS.
1259 284 1344 334 553

83 355 174 396 dum
186 354 240 396 est
253 355 330 396 fine
346 355 550 397 maiuscula
570 357 792 408 καρχάρων,
816 356 855 396 δι
878 356 1199 409 interpretandum
1215 361 1350 396 morda-

83 410 186 456 cium,
201 409 406 460 asperorum,
425 410 570 460 exsertos
585 412 695 449 demes
711 410 926 448 habentium:
951 423 1038 449 nam
1058 413 1243 463 κάρχαρος
1262 409 1352 449 nihil

84 462 183 503 aliud
197 462 271 511 est,
289 475 406 516 quam
423 463 695 515 καρχαροὸούς.
717 463 788 503 Sed
809 477 855 503 ex
876 463 1057 503 hocloco
1076 465 1119 504 &
1131 465 1211 504 aliis
1221 478 1234 510 ;
1249 477 1350 517 quos

84 516 159 556 iam
178 514 349 569 superius
364 518 521 564 notavi,
540 517 705 556 coniicio
718 547 728 562 ,
745 516 940 556 Erasmum
965 517 1087 558 adhuc
1106 519 1284 558 iuvenem
1310 519 1353 557 δε

84 569 259 609 nondum
274 569 445 610 Graecae
459 570 609 622 linguae
630 569 716 609 satis
729 570 926 609 callentem
943 571 1038 610 hanc
1050 569 1265 611 versionem
1282 585 1354 623 ag·-

85 621 250 674 greffum
270 622 401 663 fuiffe:
432 636 518 663 nam
538 622 647 676 saepe
668 635 803 676 peccat
825 624 905 664 eius
928 624 1076 664 dialeffi
1097 625 1352 677 ignoratione.

85 675 220 717 PALM.
245 680 370 730 Καρχ.
393 677 502 716 litera
519 676 726 716 minuscula
740 677 871 716 initiali
891 679 1076 717 edendum
1098 679 1248 724 curavi,
1269 678 1355 717 Pal·

88 730 211 769 merio
222 727 435 776 assentiens,
449 731 490 771 δι
505 730 705 782 Hesychio
718 731 768 770 ita
781 730 954 771 scribenti
968 744 976 770 :
992 732 1175 784 κάρχαροι
1191 731 1219 771 οἱ
1231 731 1355 785 ἔσχα-

86 797 146 822 τοι
165 782 310 823 &scir-ree
324 784 485 838 τραχεῖς
497 798 541 824 τε
555 784 618 822 καὶ
633 783 776 824 ὀδόντες
790 784 894 836 ὀξεῖς.
917 784 989 824 Sed
1004 787 1091 837 quia
1113 798 1248 825 omnes
1271 786 1352 825 edd.

85 836 278 876 habebant
291 840 496 891 Καρχάρων
512 837 618 877 litera
632 839 773 877 maiori
787 838 932 885 initiali,
948 850 990 878 ut
1005 840 1177 886 dicimus,
1193 838 1298 878 facile
1314 840 1354 878 in

86 902 256 930 errorem
270 893 393 943 potuit
405 892 489 931 duci
503 891 694 930 Erasmus.
719 892 867 931 Rmz.

143 945 232 997 Pag.
251 958 337 997 259.
354 945 378 984 l.
397 960 431 984 2.
451 940 502 984 Οὔ
519 947 605 996 πρὸς
623 940 739 998 ὕδωρ)
756 946 900 985 Eorum
915 958 1023 985 more
1035 977 1045 994 ,
1069 947 1133 999 qui
1148 946 1185 986 in
1203 945 1356 985 iudiciis

87 995 179 1039 olim
207 997 253 1036 ad
274 997 511 1051 clepsydram
530 998 714 1038 dicebant.
742 1000 879 1039 BROD.
906 999 1089 1039 Solebam
1110 1001 1208 1039 enim
1231 1012 1275 1038 ea
1292 1012 1355 1038 ae-

86 1061 166 1091 tate
189 1051 382 1092 Rhetores
403 1053 624 1093 orationum
642 1051 794 1092 suarum
809 1065 959 1105 tempus
986 1052 1194 1105 clepsydris
1209 1053 1356 1099 metiri,

85 1104 196 1156 quod
217 1105 423 1145 etiamnum
436 1119 456 1145 a
473 1106 602 1146 multis
618 1104 726 1145 sacris
746 1106 1086 1146 concionatoribus
1109 1108 1208 1159 apud
1231 1107 1356 1145 varias

90 1158 271 1211 Europae
287 1171 418 1211 gentes
431 1159 676 1206 observatur,
699 1172 747 1200 eo
764 1171 891 1199 tamen
911 1160 1139 1206 discrimine,
1163 1161 1270 1213 quod
1285 1172 1356 1199 no·

88 1211 188 1251 strae
200 1228 314 1260 arena,
325 1227 501 1253 veterum
516 1212 738 1266 clepsydrae
753 1213 879 1267 (quod
891 1214 930 1253 ἃ
945 1227 1108 1265 etymon
1122 1214 1252 1266 docet)
1263 1229 1355 1267 aqua

91 1276 241 1318 tempus
258 1268 523 1309 metiebantur.
547 1268 635 1306 Vid.
647 1266 759 1320 supra
774 1278 855 1306 not.
873 1267 918 1306 ad
931 1268 1053 1313 Ἀναβ.
1068 1281 1099 1307 c.
1119 1283 1179 1316 24.
1196 1268 1355 1307 SOLAN.

145 1321 220 1358 ead.
236 1320 258 1358 l.
277 1335 310 1372 3.
334 1319 445 1360 Τοῦτο
472 1316 642 1373 aimerii)
671 1321 822 1361 Sincera
846 1321 958 1360 leffio
977 1316 1196 1360 §otoo-vimi.
1216 1322 1356 1361 BROD.

90 1372 116 1412 1.
136 1371 245 1425 saepe
258 1375 321 1413 cit.
345 1374 417 1415 Sed
437 1375 512 1424 ita,
535 1384 578 1415 ut
592 1373 712 1422 instit,
738 1376 811 1414 iam
822 1374 1035 1428 expressum
1048 1374 1102 1415 est
1120 1376 1157 1414 in
1177 1376 1356 1415 omnibus

88 1426 173 1466 edd.
199 1427 346 1467 Rtth.

145 1480 319 1533 ibid.'Evri
335 1481 550 1522 &anacim
565 1481 790 1534 δραχμαῖς)
819 1481 874 1520 Ea
895 1480 1040 1521 summa
1058 1481 1120 1521 sex
1141 1482 1254 1522 libras
1269 1482 1357 1521 An-

82 1533 258 1585 -glicanas
278 1548 368 1575 cum
389 1535 536 1575 dimidia
553 1536 688 1583 efficit3
713 1535 878 1577 Gallicas
897 1546 1046 1575 veteres
1068 1537 1114 1575 ad
1134 1536 1352 1588 octoginta:

91 1587 298 1628 hodiernae
312 1591 413 1629 enim
437 1589 532 1630 adeo
550 1590 588 1628 in
610 1590 686 1630 dies
706 1601 917 1634 mutantur,
942 1600 985 1628 ut
999 1603 1135 1635 nemo,
1160 1591 1254 1642 quid
1277 1590 1358 1629 essi-

92 1642 207 1690 ciant‚
221 1641 291 1681 nist
304 1642 522 1683 necessitate
535 1641 694 1682 eoaaus
706 1673 715 1690 ‚
733 1644 935 1696 anquirere
949 1654 1069 1682 curet.
1095 1643 1253 1682 SOLAN.

147 1698 221 1735 ead.
241 1697 265 1735 l.
283 1710 320 1745 7.
345 1696 625 1749 Διοιῤῥειγιῖιάι)
643 1698 791 1738 Clamore
807 1697 982 1750 disrumpi.
997 1695 1242 1751 (ἓιῤῥειγιῖναι
1258 1697 1356 1750 lege-

87 1749 209 1794 ,batur
223 1750 263 1788 in
278 1750 454 1802 Miscell.)
478 1752 618 1790 BROD,

148 1806 222 1843 ead.
235 1805 258 1842 l.
272 1803 308 1843 8.
322 1804 399 1843 Εἰσὶ
415 1803 453 1842 cP’
466 1803 495 1844 oi
511 1804 574 1843 καὶ
589 1804 651 1843 ἐπὶ
665 1805 801 1844 κάλλει
817 1826 860 1833 -
878 1801 960 1855 ῥῖνοι
973 1801 994 1842 ἕ
1028 1804 1157 1857 owen)
1173 1805 1296 1851 Haec,
1314 1815 1357 1843 ut

95 1856 219 1897 aliena
235 1857 282 1896 ab
296 1857 476 1899 hocloco
488 1888 502 1905 ‚
519 1858 666 1898 uncinis
678 1857 828 1897 inclusit
840 1857 885 1897 cl.
898 1856 940 1896 Β.
955 1857 999 1896 de
1046 1858 1134 1897 allu.

86 1944 94 1948 .
150 1914 222 1950 ead.
233 1913 256 1950 l.
272 1925 329 1951 10.
350 1912 524 1965 Ἀκούειν)
538 1911 693 1952 Prorsus
712 1923 755 1951 ut
771 1911 916 1958 Latini,
932 1912 1047 1950 audire
1061 1925 1134 1963 pro
1156 1911 1358 1951 nominari.

95 1963 154 2004 Ita
167 1965 208 2004 δι
224 1966 303 2005 bene
315 1966 430 2006 audire
442 1966 562 2018 Epi&
575 1966 676 2006 Sent‘.
689 1980 730 2016 7,
743 1964 869 2004 καλῶς
888 1965 1044 2003 ἀκούειν.
1066 1965 1204 2004 Noster
1219 1966 1257 2004 in
1269 1965 1359 2004 Pro-

96 2019 212 2058 meth.
227 2017 308 2072 ipso
323 2020 513 2072 principio
528 2017 608 2059 οὗθ’
619 2019 812 2069 ἀναίνομαι
824 2019 1094 2058 πηλοπλάθους
1109 2018 1263 2057 ἀκούειν·
1281 2019 1362 2070 plu-

96 2085 139 2113 ra
153 2071 262 2112 simil.
276 2072 369 2112 lens.
386 2073 503 2113 Lesit.
519 2074 614 2113 Luc.
630 2086 714 2126 pag.
731 2087 806 2124 272
823 2071 897 2125 seq.
922 2072 986 2111 ubi
1010 2072 1151 2112 multas
1177 2072 1360 2112 diffiones

96 2126 260 2167 Graecis
275 2127 313 2167 &
328 2128 471 2169 Latinis
485 2140 710 2168 communes
723 2127 892 2179 collegit.
916 2126 1061 2166 Rmz.

151 2182 231 2220 ibid.
254 2177 415 2234 Πῆχεως
427 2181 539 2220 ἐνίοτε
550 2182 614 2220 τὴν
633 2181 712 2233 ῥῖνα,
723 2179 903 2234 ἔχοντας)
932 2180 987 2219 En
1003 2179 1155 2219 delicias
1174 2179 1362 2232 interpre-

89 2244 193 2274 .tum.
211 2234 437 2275 Benedifiius
448 2265 462 2281 ‚
475 2237 513 2286 fi
529 2251 625 2274 nares
642 2235 782 2275 cubitali
797 2234 1023 2287 magnitudine
1041 2233 1174 2286 amplas
1197 2234 1354 2272 habeam.

99 2287 294 2334 Erasmus,
309 2291 346 2339 fi
361 2289 430 2327 illis
446 2290 540 2328 naris
561 2304 800 2341 nonnunquam
814 2288 952 2327 cubitali
967 2288 1032 2325 lze'et
1043 2287 1157 2339 specu.
1184 2287 1259 2325 Ubi
1277 2298 1362 2325 tan·

99 2352 177 2381 tam
189 2341 367 2382 auxefin?
390 2342 428 2381 ἃ
440 2355 509 2382 cur
521 2343 667 2385 malunt
678 2343 724 2382 de
740 2354 829 2381 nare
847 2342 886 2381 &
901 2341 1054 2380 naribus
1065 2371 1076 2388 ‚
1091 2353 1207 2393 quam
1230 2339 1361 2379 nasum

86 2395 314 2448 appellare?
328 2396 426 2436 Sane
438 2410 526 2436 cum
540 2397 577 2436 in
588 2397 835 2436 Hermotimo
846 2395 934 2434 dicit
944 2396 1164 2447 ἀπέτραγεν
1173 2390 1291 2431 αὐτοῦ
1300 2393 1364 2432 τὴν

100 2448 178 2501 ῥῖνα
194 2449 209 2488 ὅ
225 2451 356 2503 γέρων,
373 2451 550 2490 adhibent
569 2450 712 2489 nasum.
734 2450 780 2489 Et
797 2462 884 2488 cum
905 2448 1120 2500 simpliciter
1137 2448 1181 2486 de
1196 2445 1282 2486 casu
1297 2459 1362 2484 na-

102 2504 200 2543 rium
214 2504 356 2556 aliquid
367 2504 515 2552 dicunt,
524 2514 567 2543 ut
580 2504 607 2543 fi
617 2504 706 2556 quid
719 2516 785 2556 per
796 2503 876 2541 illas
888 2502 1053 2548 fluxerit,
1061 2501 1252 2540 Lucianus
1261 2510 1364 2557 certe

101 2557 231 2611 potuit
240 2558 282 2600 <Sc
293 2557 424 2600 maluit
435 2558 558 2600 dicere
570 2554 672 2610 αἷμα.
682 2559 779 2599 πολὺ
793 2557 830 2597 ἐκ
842 2556 940 2609 ῥινῶν
952 2554 1041 2609 ῥυὲν,
1060 2555 1168 2595 initio
1180 2552 1364 2594 contenta
