2015 3490
670 246 768 306 496
875 220 1750 293 ANNoTATloNES

672 333 848 372 BouRn.
858 331 976 386 Κύων)
986 332 1135 372 Locum
1149 332 1296 372 huncin
1310 332 1691 384 omnibusimpr.iam
1707 333 1942 386 desperatum

674 387 826 438 egregie
838 385 995 425 restituit
1010 386 1107 426 Cod.
1121 386 1163 426 L.
1177 387 1279 425 hunc
1292 388 1330 425 in
1343 386 1515 426 modum.
1540 387 1648 427 Prius
1662 389 1766 426 enim
1779 387 1875 426 αὔων
1893 387 1945 427 le-

674 439 852 490 gebatur.
872 438 914 478 In
928 439 977 479 A.
992 452 1121 479 autem
1136 440 1178 479 δι
1190 439 1230 478 Ρ.
1244 440 1372 480 deerat
1390 439 1543 491 prorsus
1559 453 1606 479 ea
1622 454 1715 480 vox.
1727 441 1771 480 In
1792 441 1945 493 quibus-
1996 463 2007 490 5

675 492 762 530 dam
779 494 893 532 etiam
911 492 1025 532 ἀνύων
1036 503 1137 541 erat3
1153 506 1201 532 ex
1216 493 1358 546 quibus
1370 506 1433 531 om
1440 493 1551 532 nibus
1563 493 1652 533 nihil
1669 494 1767 534 effici
1781 506 1943 546 poterat.
2007 510 2013 520 f

673 544 783 584 Dum
797 557 923 586 autem
936 558 1070 586 canem
1083 557 1215 592 vocat,
1230 546 1297 586 etsi
1311 547 1414 585 canis
1426 547 1593 586 marinus
1606 547 1714 599 piscis
1727 548 1770 586 sit
1786 549 1849 600 (de
1863 561 1945 600 quo

673 598 761 638 Ael.
774 600 819 639 de
828 601 941 640 anim.
956 600 988 647 1,
1002 613 1017 652 5
1029 600 1066 652 5)
1080 599 1281 651 Cynicum
1294 612 1423 639 tamen
1440 600 1598 652 intelligi
1611 601 1708 640 vult.
1722 598 1822 640 Vide
1836 606 1944 654 erp.
1999 614 2015 627 ’-

675 665 709 692 c.
719 667 755 702 7.
770 653 927 696 SOLAN.
942 653 1018 693 Pro
1039 652 1152 701 οιίίων,
1166 654 1273 706 quod
1288 653 1363 693 huc
1378 654 1475 692 adeo
1492 667 1570 693 non
1583 655 1792 703 convenit,
1807 668 1849 694 ut
1865 655 1947 706 qui·
2000 658 2015 699 v‘2

675 707 765 745 dam
775 707 911 746 librarii
924 707 1059 747 eiicere
1072 707 1288 754 maluerint,
1300 720 1415 761 quam
1428 705 1648 746 sententiam
1663 721 1712 747 eo
1721 707 1948 755 obscurare,
2000 725 2015 735 ι’

673 760 879 813 legendum
893 758 1107 800 tenuiffima
1122 761 1337 800 mutatione
1352 759 1453 799 κύων·
1481 761 1586 814 quod
1600 762 1746 801 viderat
1767 763 1881 801 etiam
1904 763 1946 801 L.

675 813 758 853 Bos
770 814 978 853 Animadv.
992 827 1029 853 c.
1044 829 1058 852 1
1068 830 1105 862 4,
1118 828 1152 866 p.
1165 815 1229 854 62.
1243 813 1306 854 De
1319 814 1480 865 Cynico
1493 814 1721 867 philosopho
1731 814 1946 854 sermonem
2000 826 2001 829 ’

674 867 740 906 hic
755 866 842 914 effe,
858 879 1043 921 apertum.
1065 868 1166 908 Cum
1179 868 1226 906 de
1242 867 1438 907 Platonico
1449 869 1540 920 agit,
1553 868 1660 907 simili
1673 869 1718 908 ad
1731 881 1874 908 nomen
1889 882 1948 908 re,
2001 859 2015 897 '.⁴

676 920 806 974 spezstu
822 921 973 961 πλατὺν
989 921 1165 975 appellat.
1185 921 1302 961 Hunc
1320 933 1531 963 vocaverat
1554 923 1673 961 modo
1684 920 1842 976 γαλεόν.
1864 922 1946 961 lam
2003 935 2005 938 ·

677 978 823 1027 ’γαλεὸς
835 973 861 1014 s.
876 976 1032 1029 mustelas
1047 974 1154 1027 piscis
1166 1005 1180 1021 ,
1194 975 1299 1022 κύων,
1314 975 1523 1023 carmarias,
1539 988 1791 1028 cognatarum
1812 975 1951 1029 specie·
2002 988 2015 994 ’-

678 1041 767 1067 rum
786 1029 943 1068 nomina
964 1041 1089 1082 aeque
1108 1027 1265 1080 Cynico
1281 1029 1534 1068 conveniunt.
1566 1030 1645 1069 Res
1667 1031 1777 1069 nobis
1796 1030 1949 1082 quidem

679 1082 881 1122 videbatur
901 1083 954 1122 ita
971 1093 1123 1135 aperta,
1143 1092 1188 1121 ut
1207 1081 1384 1121 versione
1410 1081 1539 1122 nostra
1559 1096 1644 1122 eam
1661 1085 1877 1136 exprimere
1898 1085 1951 1122 ni-

675 1136 735 1175 hil
749 1136 1023 1176 dubitaremus.
1045 1135 1176 1177 GESN.
1203 1134 1314 1187 Quia
1329 1135 1425 1175 αὔων
1443 1136 1535 1176 olim
1553 1138 1697 1177 editum
1716 1149 1818 1186 erat,
1837 1133 1955 1177 Brod.

679 1189 843 1229 Misc.P.
864 1205 907 1237 2,
921 1203 1003 1242 cap.
1022 1203 1092 1237 22,
1114 1190 1198 1229 inde
1221 1189 1308 1229 fecit
1321 1190 1429 1237 ἀνων,
1445 1190 1508 1229 vel
1532 1189 1707 1230 festinans
1724 1192 1775 1230 ita
1794 1191 1867 1242 legi
1883 1205 1954 1243 pu-
2008 1198 2015 1207 ‘⁴

681 1244 803 1290 tavit,
823 1242 893 1296 (ait
907 1245 1032 1282 enim:
1058 1244 1167 1284 ἄνων.
1196 1245 1279 1283 Cum
1293 1244 1377 1283 muti
1380 1247 1454 1296 fine
1459 1245 1584 1297 pisces)
1600 1244 1688 1284 satis
1704 1244 1864 1284 absurde
1877 1245 1953 1285 hoc
2008 1249 2009 1252 ’

679 1298 788 1338 Ioco.
813 1297 962 1337 Rmz.

736 1352 827 1404 Pag.
849 1365 862 1389 1
872 1352 931 1402 67.
948 1353 972 1390 l.
989 1365 1003 1390 1
1013 1380 1021 1390 .
1032 1347 1138 1390 ’Ἔνθα
1150 1347 1274 1392 λήσειν
1289 1348 1476 1404 ἤλπισας)
1490 1350 1740 1398 Βεηεάἰξὶιις,
1753 1351 1810 1390 ubi
1826 1363 1857 1390 te
1871 1351 1951 1390 lati.

680 1417 830 1444 tatarum
836 1405 1010 1458 sperabas.
1026 1404 1123 1445 Sane
1135 1404 1264 1444 nullus
1277 1404 1418 1444 horum
1434 1403 1486 1444 fic
1498 1404 1534 1444 se
1548 1407 1659 1457 gerit,
1670 1416 1713 1444 ut
1725 1405 1872 1445 latitare
1886 1419 1950 1444 ve-
2008 1411 2010 1415 ’

680 1459 741 1506 lit,
756 1459 869 1511 idque
880 1459 1127 1513 praecipuum
1143 1458 1310 1498 studeat:
1330 1470 1401 1498 nec
1413 1458 1515 1498 circa
1528 1471 1652 1511 petras
1666 1459 1851 1511 liguriens
1867 1472 1952 1498 ver-

680 1512 785 1553 satur
798 1513 860 1566 spe
871 1513 1023 1560 latendi,
1033 1512 1093 1552 sed
1101 1512 1313 1566 praedandi.
1327 1511 1462 1564 Itaque
1471 1512 1774 1553 Pirckhaimerus
1787 1514 1948 1566 ubiprae-

683 1569 760 1606 dari
762 1568 926 1619 sperabas
934 1582 951 1615 ,·
975 1567 1013 1606 δι
1031 1566 1219 1620 adscripsit
1239 1576 1347 1618 pater
1361 1565 1510 1617 ληϊζειν.
1532 1566 1676 1606 GRON.

738 1622 817 1659 ibid.
831 1618 978 1669 Αύσειν)
993 1621 1054 1661 Sic
1069 1621 1170 1660 τεξὶε
1182 1621 1270 1673 legi,
1286 1632 1334 1659 ex
1348 1619 1439 1658 Ἱστ.
1455 1620 1507 1666 αι’,
1522 1633 1554 1660 c.
1572 1638 1611 1669 4,
1624 1621 1691 1660 ubi
1705 1618 1878 1671 ἐνόμισαν
1892 1616 1952 1661 λίς-

682 1689 776 1720 σειν,
799 1675 919 1714 tribus
934 1687 1155 1727 quatuorve
1174 1673 1254 1713 aliis
1275 1673 1470 1713 aucloritt.
1493 1686 1541 1713 ex
1556 1675 1700 1714 Nostro
1715 1676 1950 1726 probaverat

683 1728 862 1774 Solanus,
877 1730 1054 1768 nimirum
1071 1741 1118 1768 ex
1136 1730 1229 1767 lunt.
1246 1741 1284 1780 p.
1298 1740 1388 1775 420,
1410 1730 1500 1780 367,
1515 1741 1609 1776 400,
1624 1743 1698 1781 229
1712 1729 1750 1767 &
1765 1742 1851 1781 397.
1867 1729 1951 1768 Ve-

684 1795 773 1821 rum
788 1794 867 1821 non
883 1795 1018 1821 omnes
1032 1782 1209 1828 invenio,
1231 1782 1319 1833 quia
1335 1781 1374 1819 in
1386 1794 1467 1820 uno
1480 1781 1654 1821 alterove
1669 1795 1832 1822 numero
1846 1795 1950 1822 erra·

683 1834 767 1874 'tum
782 1835 846 1875 est.
858 1835 929 1875 Sed
939 1833 1087 1889 phrasin
1097 1836 1219 1877 λήσειν
1232 1834 1401 1876 ἤλπισας
1412 1835 1573 1887 probam
1586 1835 1673 1882 effe,
1685 1836 1771 1889 quis
1783 1837 1950 1876 dubitet?

683 1889 781 1930 Eam
795 1900 924 1929 autem
940 1891 977 1928 h.
993 1890 1016 1929 l.
1031 1890 1242 1930 convenire
1254 1917 1266 1937 ‚
1283 1890 1395 1928 docet
1408 1888 1568 1942 sequens
1591 1889 1652 1939 ἔσῃ
1669 1892 1822 1942 <paves-1⁸05
1842 1887 1950 1930 ἄποι-

686 1958 756 1985 σιν.
783 1944 931 1983 Rmz.

741 2000 816 2037 ead.
830 1998 852 2036 l.
875 2011 932 2050 ¹3·
956 1995 1126 2050 Πολλοῦ)
1149 1996 1193 2035 In
1211 2007 1360 2036 textum
1382 1995 1504 2049 recepi
1526 2009 1574 2036 ex
1597 1996 1750 2036 duobus
1764 1996 1887 2037 Codd.
1905 2007 1952 2037 ut

684 2049 802 2104 longe
818 2049 1025 2104 elegantius
1037 2049 1199 2104 vulgato
1213 2050 1324 2097 πολὺ,
1338 2050 1379 2090 &
1390 2051 1510 2103 magis
1523 2050 1753 2103 respondens
1767 2051 1892 2090 verbo
1911 2051 1953 2092 &

686 2105 789 2146 casui
802 2106 1064 2157 praecedenti:
1083 2105 1169 2146 licet
1183 2106 1285 2144 enim
1301 2104 1456 2157 vulgata
1469 2103 1554 2143 satis
1565 2105 1608 2143 sit
1620 2105 1842 2149 tolerabilis,
1858 2116 1953 2144 πολ-

685 2158 753 2199 λοῦ
771 2170 899 2199 tamen
914 2160 1123 2199 Lucianum
1141 2157 1275 2198 dediffe
1287 2159 1414 2199 credo.
1433 2159 1479 2197 Et
1494 2158 1544 2198 sic
1561 2159 1640 2198 fere
1659 2159 1697 2197 in
1711 2157 1796 2198 Aa.
1816 2158 1954 2210 Apost.

687 2227 722 2254 c.
738 2215 793 2263 V,
803 2211 848 2260 ⁴8,
862 2214 1047 2266 Sapphira
1063 2214 1321 2265 interrogata,
1345 2212 1375 2251 εἰ
1399 2214 1578 2251 τοσούτου
1600 2215 1642 2250 τὺ
1662 2228 1794 2265 χωριον
1808 2211 1953 2251 dev-reh-

688 2273 782 2316 63523
803 2266 1005 2320 respondet
1016 2268 1101 2312 Ναὶ,
1114 2269 1300 2306 τοσούτου.
1323 2265 1449 2319 Quod
1464 2267 1514 2305 ibi
1527 2267 1678 2318 quidem
1695 2266 1772 2305 alio
1792 2266 1881 2305 casu
1897 2264 1953 2305 ef-

690 2319 782 2360 ferri
797 2334 876 2360 non
894 2332 1060 2374 poterat,
1071 2321 1160 2374 quia
1174 2333 1322 2360 novum
1337 2321 1499 2359 verbum
1514 2332 1593 2359 non
1607 2319 1801 2372 sequitui-3
1819 2320 1882 2359 hic
1897 2331 1953 2359 ta-

689 2387 780 2414 men
793 2376 837 2414 ad
850 2375 1012 2415 verbum
1027 2375 1246 2414 aestimandi
1262 2374 1486 2426 praecedens
1500 2376 1612 2413 etiam
1630 2373 1847 2427 respicitur3
1863 2386 1953 2413 nam

691 2429 730 2468 δι
746 2429 796 2469 sic
807 2429 917 2482 plane
932 2429 1070 2469 Noster
1085 2428 1197 2481 supra
1208 2429 1245 2466 in
1257 2427 1358 2467 Dial.
1376 2428 1430 2466 M.
1444 2428 1501 2466 IV
1516 2424 1766 2481 pr.’'A‘ynupav
1783 2449 1827 2457 —
1841 2441 1955 2466 πεντε

690 2481 891 2536 ὃριιχμῶν.
914 2485 1011 2522 ΧΑΙ).
1027 2484 1172 2522 aromo&
1184 2486 1323 2535 λέγεις.
1347 2481 1385 2521 Si
1400 2482 1484 2533 quis
1499 2491 1629 2520 tamen
1644 2486 1839 2535 vulgatam
1857 2481 1955 2522 tueri

690 2537 784 2578 velit
795 2550 843 2577 ex
859 2537 941 2577 Vir.
955 2536 1052 2576 auci.
1066 2549 1098 2577 c.
1112 2537 1161 2576 26
1180 2537 1277 2575 med.
1293 2548 1360 2589 per
1375 2548 1436 2575 me
1451 2535 1545 2575 licet.
1564 2535 1715 2575 Rtnz.
