2015 3490
630 253 720 315 596
763 214 1004 297 ANNor.
1023 251 1092 296 IN
1110 251 1239 297 PRO
1254 246 1451 297 LAPSU
1465 248 1660 298 INTER
1673 225 1888 301 SALUT.
1917 282 1932 292 -

624 348 661 381 p.
673 348 737 382 902
749 362 758 377 ,
774 349 786 370 1
796 359 803 368 ·
816 337 859 369 H.
872 338 988 381 steph.
1003 338 1043 370 ad
1063 337 1220 369 Fulvium
1234 336 1354 369 secreti
1364 337 1583 380 proditorem,
1598 337 1695 381 χαῖρε
1709 338 1835 382 Καῖσαρ
1850 340 1896 372 dh

626 391 758 415 centem
770 407 779 422 ,
795 381 915 422 ὑγίαινε
926 409 934 423 ,
950 382 1062 425 inquit
1075 407 1084 422 ‚
1103 381 1235 418 Φούλβιε
1247 406 1256 421 ,
1273 392 1358 424 quae
1373 392 1443 413 vox
1456 383 1524 414 irae
1539 382 1688 415 Caesaris
1705 385 1824 416 nuntia
1835 409 1845 424 ,
1858 385 1893 417 δί

626 426 844 459 voluntariae
857 427 975 458 mortis
989 426 1110 457 Fulvio
1123 424 1220 457 causa
1234 425 1300 457 fuit
1310 450 1319 465 ‚
1338 434 1429 457 certe
1443 425 1583 458 occafio.
1600 425 1714 458 GESN.

672 469 752 512 Pag.
767 481 843 511 297.
857 472 881 503 l.
894 482 924 514 3.
936 469 1085 513 Ὑγείας)
1102 469 1198 509 Quae
1209 468 1400 510 Aesculapii
1417 469 1484 501 fuit
1497 469 1576 502 filia.
1592 469 1621 503 J.
1635 470 1733 503 Βνοᾱ,
1748 470 1895 506 Miscell.

626 511 676 545 IX
689 538 697 552 ,
712 523 760 553 15.
776 515 914 547 Ceterae
929 523 1040 546 autem
1061 512 1206 545 eiusdem
1227 511 1316 545 filiae
1337 523 1639 546 commemorantur
1652 525 1705 557 ap.
1722 514 1895 558 Aristoph.

622 557 717 590 Plut.
729 569 765 590 v.
786 568 848 598 702
863 575 896 582 —-
911 569 941 601 3,
961 557 1033 602 Iaso
1051 556 1084 588 &
1096 555 1274 589 Panacaea.
1296 557 1396 588 Addit
1413 558 1545 590 tertiam
1570 557 1742 590 Scholiast.
1758 558 1874 602 Aeglen
1885 583 1897 599 ,

628 601 760 634 omittit
771 601 912 645 Hygeian
925 627 934 642 ,
946 613 983 634 ac
999 601 1129 633 dubitat
1143 612 1220 632 num
1230 599 1303 643 Iaso
1318 600 1531 644 Aesculapii,
1549 613 1589 634 an
1604 603 1722 645 potius
1737 602 1898 646 Amphia—

627 646 678 677 rai
698 644 767 678 filia
785 645 825 676 fit
839 646 975 678 dicenda
986 669 994 684 ,
1009 645 1099 689 quod
1114 644 1166 676 hic
1185 645 1354 687 inquirere
1376 645 1459 676 nihil
1478 647 1614 678 attinet.
1637 646 1704 677 Alii
1719 654 1810 678 certe
1823 646 1896 689 Hy*

623 693 708 733 giam
723 688 854 721 filiabus
875 689 1066 732 Aesculapii
1087 697 1317 721 annumerant.
1330 687 1462 730 Ὕγειέιν
1479 690 1568 721 illam
1589 689 1692 721 Deam
1715 692 1815 722 etiam
1835 689 1896 720 Ὗ-

628 732 704 775 γὶαν
721 735 778 765 vel
792 731 1026 774 Ionice‘Yyinv
1041 731 1157 764 distam
1170 733 1310 765 invenio
1325 733 1360 763 in
1377 732 1527 776 inscript.
1547 734 1656 767 veteri
1668 734 1772 767 Albae
1791 734 1896 769 Iuliae

627 786 762 822 reperta
774 801 783 819 ,
800 778 888 820 apud
903 778 1040 812 Gruter.
1053 786 1128 820 pag.
1144 776 1184 809 68
1198 787 1206 808 :

1080 818 1226 853 ΚΥΡΙΩ
1271 819 1448 851 ACKAH-

1083 863 1171 895 ΠΙΩ
1211 863 1290 896 ΚΑΙ
1325 864 1432 895 ’ΥΓΙΗ

1014 906 1159 940 OEOIC
1189 907 1502 941 EI‘IIKOYPIOIC.

630 954 739 996 Quod
752 953 817 985 iam
834 948 969 984 notavit
984 949 1105 984 Cellar.
1132 953 1164 983 in
1179 952 1294 984 libello
1314 952 1483 995 Antiquit.
1499 952 1653 985 medicar-
1669 963 1744 997 pag.
1759 963 1814 987 21.
1830 952 1899 987 Ubi

635 999 737 1031 etiam
754 998 863 1036 docet,
878 995 962 1026 hanc
978 1006 1046 1027 non
1062 995 1196 1038 prorsus
1212 996 1347 1028 eandem
1366 995 1444 1037 ess'e,
1464 1008 1548 1040 quae
1561 996 1657 1028 Salus
1669 998 1899 1030 Romanorum

632 1045 705 1076 Dea
720 1041 783 1079 est;
798 1053 872 1072 nam
884 1038 990 1070 Saluti
1002 1041 1161 1082 templum
1180 1041 1244 1072 iarn
1258 1040 1403 1072 dicatum
1416 1050 1487 1073 erat
1503 1049 1581 1073 ante
1593 1041 1761 1073 advestam
1771 1041 1901 1074 Aescu-

631 1087 714 1129 lapii
730 1087 924 1128 religionem
936 1107 944 1121 ,
960 1082 993 1114 ἃ
1006 1084 1082 1125 plus
1094 1084 1265 1116 Romania
1280 1083 1389 1115 Salute
1408 1085 1597 1126 petierunt,
1613 1096 1710 1128 quam
1723 1086 1764 1117 ab
1777 1085 1900 1128 Hygcia

632 1127 853 1167 Graecorum,
869 1129 890 1159 i.
903 1139 931 1160 e.
947 1129 1317 1170 praetervaletudinem
1327 1127 1452 1160 firmam
1464 1152 1472 1168 ‚
1489 1129 1587 1161 etiam
1599 1130 1772 1162 florentem
1787 1141 1898 1162 rerum

629 1175 766 1206 suarum
780 1173 909 1205 statum.
928 1172 1004 1203 Non
1031 1180 1139 1205 tamen
1164 1173 1283 1205 Latine
1307 1172 1405 1214 ὑγειοι
1423 1173 1599 1205 aliteriam
1614 1174 1692 1205 olim
1705 1174 1795 1205 verti
1810 1173 1904 1207 sole-

635 1219 709 1258 bat,
728 1229 825 1261 quam
839 1216 954 1254 Salus,-
971 1216 1041 1248 vid.
1055 1216 1205 1248 Macrob.
1224 1217 1235 1247 1
1250 1217 1320 1248 Sat.
1335 1227 1389 1249 20.
1404 1215 1536 1249 Rerrz.

678 1265 746 1295 ead.
761 1263 785 1293 l.
799 1274 833 1302 4.
847 1259 1030 1303 Ἐπιπνοὶᾳ)
1042 1261 1095 1292 Sic
1106 1262 1160 1292 W.
1181 1272 1242 1303 pto
1253 1263 1393 1303 vulgato
1406 1259 1522 1303 ἐπινοίᾳ
1535 1260 1622 1293 haud
1632 1260 1818 1305 spernendo
1831 1261 1907 1306 qui·

632 1305 819 1346 dem,⁴sed,
837 1314 875 1337 ut
887 1313 991 1347 puto,
1009 1314 1117 1337 tamen
1133 1305 1242 1336 minus
1258 1316 1354 1337 vero.
1371 1306 1509 1338 SOLAN·
1873 1338 1876 1341 ,

679 1352 748 1383 ead.
766 1351 790 1383 l.
806 1343 954 1393 9.”Α·γοιν
969 1346 1149 1392 ἐπιθυμίας)
1167 1347 1378 1382 Graecismus
1393 1348 1652 1392 vulgatiffimus,
1669 1349 1817 1382 adverbii
1837 1360 1902 1392 pro

635 1395 802 1427 adiestivo
813 1419 822 1433 ,
839 1402 877 1425 ut
890 1392 988 1436 supra
999 1416 1007 1431 ‚
1022 1394 1167 1436 Apolog.
1182 1404 1210 1425 c.
1233 1404 1270 1424 12
1281 1417 1289 1432 ‚
1305 1392 1317 1423 ὁ
1335 1391 1384 1424 ds}
1401 1395 1522 1435 χρόνος,
1541 1395 1598 1426 ubi
1611 1394 1769 1437 quaedam
1783 1392 1899 1425 similia

631 1439 699 1470 iam
713 1438 875 1471 dedimus.
894 1437 1075 1470 Herodian.
1097 1437 1130 1475 1,
1145 1449 1176 1480 3,
1193 1448 1222 1477 5,
1236 1435 1295 1470 ἐπὶ)
1313 1437 1366 1472 trin}
1381 1436 1462 1478 ἄγαν
1477 1437 1640 1479 ἀκρασίας.
1654 1438 1838 1471 Aeliamv.
1854 1436 1903 1469 H.

632 1483 732 1522 XIII,
749 1493 799 1522 15,
815 1481 872 1515 ὑπὸ
886 1481 937 1516 τῖς
950 1481 1030 1522 ἄγαν
1040 1481 1162 1521 μανίας.
1178 1483 1275 1513 Plura
1290 1481 1373 1514 lens.
1390 1483 1430 1513 ad
1443 1481 1533 1515 Dial.
1549 1484 1662 1514 Amor.
1681 1480 1813 1513 REsz.

685 1529 753 1559 ead.
767 1528 791 1559 l.
807 1536 854 1559 12.
868 1525 919 1558 Ἐν
934 1529 973 1568 τῇ
984 1524 1098 1570 τάξει)
1111 1526 1188 1559 Vid.
1205 1525 1344 1558 Briffon.
1360 1526 1399 1558 de
1415 1526 1588 1567 formulis,
1605 1528 1662 1559 ubi
1680 1525 1721 1559 de
1734 1524 1900 1558 mandatis

637 1571 827 1616 principum
843 1570 924 1614 agit.
938 1572 1087 1602 VORsT.
1163 1597 1183 1604 e

680 1615 759 1659 Pag.
774 1614 850 1658 298.
860 1618 883 1646 l.
901 1626 930 1657 3.
941 1615 1114 1657 Τοιοῦτον)
1130 1614 1184 1646 Sic
1196 1622 1266 1646 erat
1280 1613 1313 1645 in
1328 1613 1377 1645 Μ.
1393 1613 1456 1646 Sed
1469 1612 1562 1646 erasa
1578 1613 1735 1657 deinceps
1745 1612 1790 1647 est
1800 1613 1898 1646 litera
2010 1635 2015 1649 2

639 1659 682 1690 N.
697 1659 750 1691 Sic
763 1661 862 1691 etiam
875 1659 997 1691 habent
1010 1658 1080 1691 edd.
1096 1657 1341 1690 SOLAN.T0123
1351 1671 1393 1690 rav
1406 1658 1504 1698 reike,
1522 1658 1556 1690 δε
1568 1659 1680 1690 Attice
1693 1670 1754 1702 pro
1762 1657 1904 1692 τοιοῦτο.
1945 1657 1947 1659 ’
2008 1660 2015 1692 '2

635 1703 725 1738 'Vide
739 1715 801 1736 nos
812 1703 910 1746 supra
920 1703 958 1734 ad
972 1714 1001 1736 c.
1015 1714 1050 1741 13
1069 1703 1131 1735 Vit
1142 1703 1227 1735 aust.
1245 1703 1286 1734 Et
1301 1701 1454 1734 Nostrum
1468 1703 1601 1746 ubique.
1616 1703 1747 1736 RE1Tz.
2007 1702 2015 1709 ’

686 1752 718 1779 in
732 1747 837 1780 Schol.
863 1747 957 1778 Nihil
970 1747 1060 1780 aliud
1075 1747 1109 1778 in
1130 1747 1194 1778 hoc
1218 1747 1354 1778 scholio
1375 1747 1642 1790 reperi02quam
1663 1746 1904 1790 repetitionem.

635 1795 814 1824 verborum
830 1791 986 1824 Luciam:
1002 1792 1076 1823 ideo
1091 1799 1200 1822 tamen
1214 1790 1355 1829 additur,
1373 1799 1411 1822 ut
1425 1800 1582 1833 appareat
1593 1817 1601 1832 ,
1619 1802 1657 1823 ea
1675 1791 1791 1823 eodem
1802 1791 1904 1822 modo

638 1838 680 1868 ab
697 1835 876 1869 Scholiaste
890 1836 971 1869 lesta
987 1834 1052 1867 esse
1064 1858 1074 1873 ‚
1092 1846 1159 1878 quo
1177 1835 1211 1866 in
1231 1835 1302 1866 edd.
1319 1836 1489 1878 leguntur.
1504 1836 1592 1868 Num
1606 1846 1689 1870 vero
1708 1846 1824 1870 eorum
1841 1845 1905 1869 ex·

639 1879 760 1924 positio
776 1880 955 1922 exciderit,
973 1880 1098 1913 nescio.
1118 1879 1250 1912 Rem-z.
