<?xml version="1.0" encoding="UTF-8"?>
<!DOCTYPE html PUBLIC "-//W3C//DTD XHTML 1.0 Transitional//EN"
    "http://www.w3.org/TR/xhtml1/DTD/xhtml1-transitional.dtd">
<html xmlns="http://www.w3.org/1999/xhtml" xml:lang="en" lang="en">
 <head>
  <title>
</title>
<meta http-equiv="Content-Type" content="text/html;charset=utf-8" />
  <meta name='ocr-system' content='tesseract 3.04.00' />
  <meta name='ocr-capabilities' content='ocr_page ocr_carea ocr_par ocr_line ocrx_word'/>
</head>
<body>
  <div class='ocr_page' id='page_1' title='image "./operagraecaetlat03luciuoft/operagraecaetlat03luciuoft_0353.png"; bbox 0 0 2015 3490; ppageno 0'>
   <div class='ocr_carea' id='block_1_1' title="bbox 283 223 1337 290">
    <p class='ocr_par' dir='ltr' id='par_1_1' title="bbox 283 223 1337 290">
     <span class='ocr_line' id='line_1_1' title="bbox 283 223 1337 290; baseline 0.001 -20"><span class='ocrx_word' id='word_1_1' title='bbox 283 225 365 271; x_wconf 85' lang='lat' dir='ltr'>IN</span> <span class='ocrx_word' id='word_1_2' title='bbox 416 223 1025 271; x_wconf 78' lang='lat' dir='ltr'><strong>NECYOMANTIA</strong></span> <span class='ocrx_word' id='word_1_3' title='bbox 1045 225 1112 271; x_wconf 89' lang='lat' dir='ltr'>M.</span> <span class='ocrx_word' id='word_1_4' title='bbox 1250 239 1337 290; x_wconf 84' lang='lat'>345</span> 
     </span>
    </p>
   </div>
   <div class='ocr_carea' id='block_1_2' title="bbox 68 314 1344 2580">
    <p class='ocr_par' dir='ltr' id='par_1_2' title="bbox 68 314 1344 2580">
     <span class='ocr_line' id='line_1_2' title="bbox 71 314 1333 369; baseline 0 -13"><span class='ocrx_word' id='word_1_5' title='bbox 71 315 183 358; x_wconf 85' lang='lat' dir='ltr'>fuerit</span> <span class='ocrx_word' id='word_1_6' title='bbox 195 316 302 356; x_wconf 84' lang='lat' dir='ltr'>talis:</span> <span class='ocrx_word' id='word_1_7' title='bbox 329 315 454 369; x_wconf 84' lang='lat' dir='ltr'>nosque</span> <span class='ocrx_word' id='word_1_8' title='bbox 464 316 601 355; x_wconf 82' lang='lat' dir='ltr'>iamiam</span> <span class='ocrx_word' id='word_1_9' title='bbox 611 314 819 369; x_wconf 64' lang='lat' dir='ltr'>profefluros</span> <span class='ocrx_word' id='word_1_10' title='bbox 828 329 1009 355; x_wconf 76' lang='lat' dir='ltr'><em>onerarunt</em></span> <span class='ocrx_word' id='word_1_11' title='bbox 1018 318 1113 356; x_wconf 75' lang='lat' dir='ltr'>rebus</span> <span class='ocrx_word' id='word_1_12' title='bbox 1125 316 1333 368; x_wconf 80' lang='lat' dir='ltr'>neceffim&#39;is:</span> 
     </span>
     <span class='ocr_line' id='line_1_3' title="bbox 70 369 1344 424; baseline -0.001 -14"><span class='ocrx_word' id='word_1_13' title='bbox 70 369 175 424; x_wconf 79' lang='lat' dir='ltr'>quasi</span> <span class='ocrx_word' id='word_1_14' title='bbox 187 371 286 409; x_wconf 86' lang='lat' dir='ltr'>dicat</span> <span class='ocrx_word' id='word_1_15' title='bbox 301 370 463 423; x_wconf 84' lang='lat' dir='ltr'>ingestas</span> <span class='ocrx_word' id='word_1_16' title='bbox 477 369 585 409; x_wconf 84' lang='lat' dir='ltr'>fuiffe</span> <span class='ocrx_word' id='word_1_17' title='bbox 598 370 805 414; x_wconf 83' lang='lat' dir='ltr'>cumulate,</span> <span class='ocrx_word' id='word_1_18' title='bbox 825 383 871 409; x_wconf 88' lang='lat' dir='ltr'>ac</span> <span class='ocrx_word' id='word_1_19' title='bbox 886 371 993 409; x_wconf 90' lang='lat' dir='ltr'>velut</span> <span class='ocrx_word' id='word_1_20' title='bbox 1006 371 1260 410; x_wconf 82' lang='lat' dir='ltr'>renitentibus</span> <span class='ocrx_word' id='word_1_21' title='bbox 1271 372 1344 409; x_wconf 87' lang='lat' dir='ltr'>im-</span> 
     </span>
     <span class='ocr_line' id='line_1_4' title="bbox 71 423 1340 478; baseline -0.001 -14"><span class='ocrx_word' id='word_1_22' title='bbox 71 423 220 478; x_wconf 83' lang='lat' dir='ltr'>positas.</span> <span class='ocrx_word' id='word_1_23' title='bbox 236 424 376 464; x_wconf 84' lang='lat' dir='ltr'>Fateor</span> <span class='ocrx_word' id='word_1_24' title='bbox 390 424 582 476; x_wconf 83' lang='lat' dir='ltr'><strong>equidem,</strong></span> <span class='ocrx_word' id='word_1_25' title='bbox 595 423 624 462; x_wconf 79' lang='lat' dir='ltr'>si</span> <span class='ocrx_word' id='word_1_26' title='bbox 643 424 745 473; x_wconf 53' lang='grc' dir='ltr'>ἄνοι’)</span> <span class='ocrx_word' id='word_1_27' title='bbox 754 423 887 472; x_wconf 82' lang='grc' dir='ltr'><em>ομένων</em></span> <span class='ocrx_word' id='word_1_28' title='bbox 904 436 951 463; x_wconf 86' lang='lat' dir='ltr'>ex</span> <span class='ocrx_word' id='word_1_29' title='bbox 973 423 1075 463; x_wconf 88' lang='lat' dir='ltr'>Cod.</span> <span class='ocrx_word' id='word_1_30' title='bbox 1094 425 1235 463; x_wconf 87' lang='lat' dir='ltr'>Vienn.</span> <span class='ocrx_word' id='word_1_31' title='bbox 1259 437 1340 463; x_wconf 88' lang='lat' dir='ltr'>non</span> 
     </span>
     <span class='ocr_line' id='line_1_5' title="bbox 69 475 1343 531; baseline 0 -14"><span class='ocrx_word' id='word_1_32' title='bbox 69 478 249 531; x_wconf 85' lang='lat' dir='ltr'>displicet,</span> <span class='ocrx_word' id='word_1_33' title='bbox 266 479 365 517; x_wconf 84' lang='lat' dir='ltr'>baud</span> <span class='ocrx_word' id='word_1_34' title='bbox 378 479 609 530; x_wconf 83' lang='lat' dir='ltr'>ineleganter</span> <span class='ocrx_word' id='word_1_35' title='bbox 620 476 782 530; x_wconf 82' lang='lat' dir='ltr'>pomiss&#39;e</span> <span class='ocrx_word' id='word_1_36' title='bbox 792 475 914 525; x_wconf 87' lang='lat' dir='ltr'>scribi,</span> <span class='ocrx_word' id='word_1_37' title='bbox 934 478 996 514; x_wconf 65' lang='grc' dir='ltr'>καὶ</span> <span class='ocrx_word' id='word_1_38' title='bbox 1015 478 1256 529; x_wconf 48' lang='lat' dir='ltr'>&amp;myopes-&#39;vehit</span> <span class='ocrx_word' id='word_1_39' title='bbox 1270 478 1343 517; x_wconf 76' lang='grc' dir='ltr'><em>ἐνέ-</em></span> 
     </span>
     <span class='ocr_line' id='line_1_6' title="bbox 74 530 1336 585; baseline -0.002 -12"><span class='ocrx_word' id='word_1_40' title='bbox 74 538 183 573; x_wconf 55' lang='lat' dir='ltr'>&amp;ev-to</span> <span class='ocrx_word' id='word_1_41' title='bbox 197 535 250 571; x_wconf 73' lang='grc' dir='ltr'>’τὰ</span> <span class='ocrx_word' id='word_1_42' title='bbox 263 534 353 584; x_wconf 62' lang='grc' dir='ltr'>πρὶς</span> <span class='ocrx_word' id='word_1_43' title='bbox 363 530 428 571; x_wconf 74' lang='grc' dir='ltr'>τὴν</span> <span class='ocrx_word' id='word_1_44' title='bbox 439 532 583 585; x_wconf 71' lang='grc' dir='ltr'>χρείαν·</span> <span class='ocrx_word' id='word_1_45' title='bbox 595 531 630 569; x_wconf 73' lang='lat'>6·</span> <span class='ocrx_word' id='word_1_46' title='bbox 640 546 714 570; x_wconf 84' lang='lat' dir='ltr'>cum</span> <span class='ocrx_word' id='word_1_47' title='bbox 728 531 763 568; x_wconf 82' lang='lat' dir='ltr'>in</span> <span class='ocrx_word' id='word_1_48' title='bbox 774 546 811 569; x_wconf 86' lang='lat' dir='ltr'>eo</span> <span class='ocrx_word' id='word_1_49' title='bbox 820 545 965 578; x_wconf 77' lang='lat' dir='ltr'>eramus,</span> <span class='ocrx_word' id='word_1_50' title='bbox 978 542 1015 569; x_wconf 82' lang='lat' dir='ltr'>ut</span> <span class='ocrx_word' id='word_1_51' title='bbox 1029 531 1064 569; x_wconf 78' lang='lat' dir='ltr'>in</span> <span class='ocrx_word' id='word_1_52' title='bbox 1078 532 1184 569; x_wconf 81' lang='lat' dir='ltr'>altum</span> <span class='ocrx_word' id='word_1_53' title='bbox 1186 531 1336 582; x_wconf 72' lang='lat' dir='ltr'>solvere-</span> 
     </span>
     <span class='ocr_line' id='line_1_7' title="bbox 72 583 1338 636; baseline -0.001 -10"><span class='ocrx_word' id='word_1_54' title='bbox 72 601 163 631; x_wconf 82' lang='lat' dir='ltr'>mus,</span> <span class='ocrx_word' id='word_1_55' title='bbox 179 586 364 625; x_wconf 79' lang='lat' dir='ltr'>intulerunt</span> <span class='ocrx_word' id='word_1_56' title='bbox 380 585 415 623; x_wconf 74' lang='lat' dir='ltr'>in</span> <span class='ocrx_word' id='word_1_57' title='bbox 434 585 549 624; x_wconf 79' lang='lat' dir='ltr'>navim</span> <span class='ocrx_word' id='word_1_58' title='bbox 572 600 621 623; x_wconf 85' lang='lat' dir='ltr'>res</span> <span class='ocrx_word' id='word_1_59' title='bbox 638 584 854 636; x_wconf 69' lang='lat' dir='ltr'>neceffizrl&#39;as:</span> <span class='ocrx_word' id='word_1_60' title='bbox 876 596 920 623; x_wconf 82' lang='lat' dir='ltr'>ac</span> <span class='ocrx_word' id='word_1_61' title='bbox 939 583 1065 623; x_wconf 83' lang='lat' dir='ltr'>nescio</span> <span class='ocrx_word' id='word_1_62' title='bbox 1087 584 1198 629; x_wconf 83' lang='lat' dir='ltr'>sane,</span> <span class='ocrx_word' id='word_1_63' title='bbox 1220 598 1268 624; x_wconf 82' lang='lat' dir='ltr'>an</span> <span class='ocrx_word' id='word_1_64' title='bbox 1284 586 1338 625; x_wconf 82' lang='lat' dir='ltr'>ita</span> 
     </span>
     <span class='ocr_line' id='line_1_8' title="bbox 73 637 1339 692; baseline -0.002 -13"><span class='ocrx_word' id='word_1_65' title='bbox 73 640 197 679; x_wconf 84' lang='lat' dir='ltr'>Lucas</span> <span class='ocrx_word' id='word_1_66' title='bbox 209 639 414 692; x_wconf 85' lang='lat' dir='ltr'>reliquerit.</span> <span class='ocrx_word' id='word_1_67' title='bbox 441 639 546 679; x_wconf 90' lang='lat' dir='ltr'>Sicut</span> <span class='ocrx_word' id='word_1_68' title='bbox 559 649 687 678; x_wconf 91' lang='lat' dir='ltr'>autem</span> <span class='ocrx_word' id='word_1_69' title='bbox 702 637 842 678; x_wconf 86' lang='lat' dir='ltr'>Noster</span> <span class='ocrx_word' id='word_1_70' title='bbox 853 638 972 677; x_wconf 90' lang='lat' dir='ltr'>modo</span> <span class='ocrx_word' id='word_1_71' title='bbox 985 668 998 683; x_wconf 84' lang='lat'>‚</span> <span class='ocrx_word' id='word_1_72' title='bbox 1023 639 1107 690; x_wconf 72' lang='grc' dir='ltr'>περὶ</span> <span class='ocrx_word' id='word_1_73' title='bbox 1127 638 1339 692; x_wconf 55' lang='grc' dir='ltr'>ἀναγωγὴν</span> 
     </span>
     <span class='ocr_line' id='line_1_9' title="bbox 72 691 1332 749; baseline -0.001 -16"><span class='ocrx_word' id='word_1_74' title='bbox 72 692 318 747; x_wconf 58' lang='grc' dir='ltr'>ἐγιγνόμεθα,</span> <span class='ocrx_word' id='word_1_75' title='bbox 332 705 413 732; x_wconf 92' lang='lat' dir='ltr'>non</span> <span class='ocrx_word' id='word_1_76' title='bbox 426 693 532 749; x_wconf 66' lang='lat' dir='ltr'>aliter</span> <span class='ocrx_word' id='word_1_77' title='bbox 550 691 718 732; x_wconf 86' lang='lat' dir='ltr'>Philostr.</span> <span class='ocrx_word' id='word_1_78' title='bbox 735 692 780 732; x_wconf 90' lang='lat' dir='ltr'>de</span> <span class='ocrx_word' id='word_1_79' title='bbox 794 692 846 731; x_wconf 90' lang='lat' dir='ltr'>V.</span> <span class='ocrx_word' id='word_1_80' title='bbox 857 692 907 731; x_wconf 91' lang='lat' dir='ltr'>A.</span> <span class='ocrx_word' id='word_1_81' title='bbox 917 692 966 732; x_wconf 91' lang='lat' dir='ltr'>T.</span> <span class='ocrx_word' id='word_1_82' title='bbox 978 691 1053 738; x_wconf 86' lang='lat' dir='ltr'>lv,</span> <span class='ocrx_word' id='word_1_83' title='bbox 1067 705 1099 732; x_wconf 90' lang='lat' dir='ltr'>c.</span> <span class='ocrx_word' id='word_1_84' title='bbox 1118 706 1179 745; x_wconf 84' lang='lat'>13,</span> <span class='ocrx_word' id='word_1_85' title='bbox 1190 695 1275 744; x_wconf 73' lang='grc' dir='ltr'><em>περί</em></span> <span class='ocrx_word' id='word_1_86' title='bbox 1288 706 1332 732; x_wconf 81' lang='grc' dir='ltr'>τε</span> 
     </span>
     <span class='ocr_line' id='line_1_10' title="bbox 72 744 741 800; baseline -0.001 -13"><span class='ocrx_word' id='word_1_87' title='bbox 72 746 282 800; x_wconf 65' lang='grc' dir='ltr'>ἀναγωγὴν</span> <span class='ocrx_word' id='word_1_88' title='bbox 297 744 316 788; x_wconf 71' lang='grc' dir='ltr'><em>ἧ</em></span> <span class='ocrx_word' id='word_1_89' title='bbox 331 746 418 787; x_wconf 73' lang='grc' dir='ltr'>ναῦς</span> <span class='ocrx_word' id='word_1_90' title='bbox 437 746 553 800; x_wconf 71' lang='grc' dir='ltr'><em>εἶχεν.</em></span> <span class='ocrx_word' id='word_1_91' title='bbox 578 747 741 786; x_wconf 84' lang='lat' dir='ltr'>HEMST.</span> 
     </span>
     <span class='ocr_line' id='line_1_11' title="bbox 124 798 1336 854; baseline 0.001 -15"><span class='ocrx_word' id='word_1_92' title='bbox 124 803 230 840; x_wconf 85' lang='lat' dir='ltr'>ead.l.</span> <span class='ocrx_word' id='word_1_93' title='bbox 252 801 310 840; x_wconf 91' lang='lat'>16.</span> <span class='ocrx_word' id='word_1_94' title='bbox 322 801 565 854; x_wconf 58' lang='grc' dir='ltr'>Κατὰέόικρυ</span> <span class='ocrx_word' id='word_1_95' title='bbox 577 799 754 852; x_wconf 78' lang='grc' dir='ltr'>χέοντες)</span> <span class='ocrx_word' id='word_1_96' title='bbox 769 798 1077 850; x_wconf 70' lang='lat' dir='ltr'>Homerodyff.</span> <span class='ocrx_word' id='word_1_97' title='bbox 1093 804 1136 846; x_wconf 87' lang='grc' dir='ltr'>Λ,</span> <span class='ocrx_word' id='word_1_98' title='bbox 1149 811 1181 850; x_wconf 84' lang='lat'>5.</span> <span class='ocrx_word' id='word_1_99' title='bbox 1194 799 1336 840; x_wconf 80' lang='lat' dir='ltr'>BRon.</span> 
     </span>
     <span class='ocr_line' id='line_1_12' title="bbox 123 852 1340 906; baseline 0.001 -14"><span class='ocrx_word' id='word_1_100' title='bbox 123 855 202 893; x_wconf 79' lang='lat' dir='ltr'>ibid.</span> <span class='ocrx_word' id='word_1_101' title='bbox 216 852 489 906; x_wconf 63' lang='lat' dir='ltr'>‘Tveoepc‘zpoeox</span> <span class='ocrx_word' id='word_1_102' title='bbox 499 854 534 894; x_wconf 77' lang='grc' dir='ltr'>ἐν</span> <span class='ocrx_word' id='word_1_103' title='bbox 546 853 597 904; x_wconf 76' lang='grc' dir='ltr'>τῷ</span> <span class='ocrx_word' id='word_1_104' title='bbox 608 852 792 906; x_wconf 69' lang='grc' dir='ltr'>ποταμῷ)</span> <span class='ocrx_word' id='word_1_105' title='bbox 813 853 899 905; x_wconf 79' lang='lat' dir='ltr'>Qui</span> <span class='ocrx_word' id='word_1_106' title='bbox 913 852 1080 892; x_wconf 89' lang='lat' dir='ltr'>secundo</span> <span class='ocrx_word' id='word_1_107' title='bbox 1094 853 1253 893; x_wconf 84' lang='lat' dir='ltr'>flumine</span> <span class='ocrx_word' id='word_1_108' title='bbox 1268 854 1340 893; x_wconf 89' lang='lat' dir='ltr'>de-</span> 
     </span>
     <span class='ocr_line' id='line_1_13' title="bbox 71 904 1339 959; baseline -0.001 -11"><span class='ocrx_word' id='word_1_109' title='bbox 71 906 303 955; x_wconf 84' lang='lat' dir='ltr'>ferebantur,</span> <span class='ocrx_word' id='word_1_110' title='bbox 327 921 395 947; x_wconf 89' lang='lat' dir='ltr'>eos</span> <span class='ocrx_word' id='word_1_111' title='bbox 415 907 516 947; x_wconf 61' lang='lat' dir='ltr'>reete</span> <span class='ocrx_word' id='word_1_112' title='bbox 531 908 624 947; x_wconf 82' lang='lat' dir='ltr'>dixit</span> <span class='ocrx_word' id='word_1_113' title='bbox 640 906 800 959; x_wconf 84' lang='lat' dir='ltr'>scriptor</span> <span class='ocrx_word' id='word_1_114' title='bbox 815 905 944 946; x_wconf 88' lang='lat' dir='ltr'>noster</span> <span class='ocrx_word' id='word_1_115' title='bbox 964 904 1214 957; x_wconf 58' lang='grc' dir='ltr'>ὑποφέρεσῦοιι</span> <span class='ocrx_word' id='word_1_116' title='bbox 1233 907 1269 946; x_wconf 78' lang='grc' dir='ltr'>ὲν</span> <span class='ocrx_word' id='word_1_117' title='bbox 1282 907 1339 957; x_wconf 71' lang='grc' dir='ltr'>τῷ</span> 
     </span>
     <span class='ocr_line' id='line_1_14' title="bbox 69 959 1341 1014; baseline 0 -14"><span class='ocrx_word' id='word_1_118' title='bbox 69 961 248 1013; x_wconf 71' lang='grc' dir='ltr'><em>ποταμῷ,</em></span> <span class='ocrx_word' id='word_1_119' title='bbox 265 974 390 1014; x_wconf 90' lang='lat' dir='ltr'>neque</span> <span class='ocrx_word' id='word_1_120' title='bbox 407 963 452 1000; x_wconf 90' lang='lat' dir='ltr'>ad</span> <span class='ocrx_word' id='word_1_121' title='bbox 465 962 648 1014; x_wconf 88' lang='lat' dir='ltr'>loquendi</span> <span class='ocrx_word' id='word_1_122' title='bbox 662 961 868 1000; x_wconf 86' lang='lat' dir='ltr'>formulam</span> <span class='ocrx_word' id='word_1_123' title='bbox 883 959 982 999; x_wconf 89' lang='lat' dir='ltr'>infra</span> <span class='ocrx_word' id='word_1_124' title='bbox 994 961 1240 1012; x_wconf 81' lang='lat' dir='ltr'>Babylonem</span> <span class='ocrx_word' id='word_1_125' title='bbox 1254 960 1341 1000; x_wconf 88' lang='lat' dir='ltr'>fue-</span> 
     </span>
     <span class='ocr_line' id='line_1_15' title="bbox 69 1013 1338 1068; baseline 0 -14"><span class='ocrx_word' id='word_1_126' title='bbox 69 1015 119 1054; x_wconf 85' lang='lat' dir='ltr'>rit</span> <span class='ocrx_word' id='word_1_127' title='bbox 131 1015 196 1055; x_wconf 86' lang='lat' dir='ltr'>iste</span> <span class='ocrx_word' id='word_1_128' title='bbox 211 1015 316 1055; x_wconf 85' lang='lat' dir='ltr'>lacus</span> <span class='ocrx_word' id='word_1_129' title='bbox 327 1045 337 1060; x_wconf 90' lang='lat'>,</span> <span class='ocrx_word' id='word_1_130' title='bbox 353 1028 399 1054; x_wconf 87' lang='lat' dir='ltr'>an</span> <span class='ocrx_word' id='word_1_131' title='bbox 414 1014 527 1068; x_wconf 79' lang='lat' dir='ltr'>supra</span> <span class='ocrx_word' id='word_1_132' title='bbox 540 1045 550 1062; x_wconf 96' lang='lat'>‚</span> <span class='ocrx_word' id='word_1_133' title='bbox 562 1015 772 1068; x_wconf 86' lang='lat' dir='ltr'>quidquam</span> <span class='ocrx_word' id='word_1_134' title='bbox 786 1013 922 1061; x_wconf 87' lang='lat' dir='ltr'>refert,</span> <span class='ocrx_word' id='word_1_135' title='bbox 941 1014 1060 1054; x_wconf 89' lang='lat' dir='ltr'>modo</span> <span class='ocrx_word' id='word_1_136' title='bbox 1073 1015 1274 1067; x_wconf 70' lang='lat' dir='ltr'>Euphratis</span> <span class='ocrx_word' id='word_1_137' title='bbox 1297 1016 1338 1054; x_wconf 87' lang='lat' dir='ltr'>in</span> 
     </span>
     <span class='ocr_line' id='line_1_16' title="bbox 70 1068 1340 1122; baseline 0.001 -15"><span class='ocrx_word' id='word_1_138' title='bbox 70 1068 226 1122; x_wconf 88' lang='lat' dir='ltr'>paludes</span> <span class='ocrx_word' id='word_1_139' title='bbox 234 1068 396 1109; x_wconf 70' lang='lat' dir='ltr'>distraffl</span> <span class='ocrx_word' id='word_1_140' title='bbox 409 1068 556 1108; x_wconf 84' lang='lat' dir='ltr'>rivulus</span> <span class='ocrx_word' id='word_1_141' title='bbox 567 1070 702 1121; x_wconf 88' lang='lat' dir='ltr'>aliquis</span> <span class='ocrx_word' id='word_1_142' title='bbox 713 1081 762 1108; x_wconf 90' lang='lat' dir='ltr'>eo</span> <span class='ocrx_word' id='word_1_143' title='bbox 771 1069 986 1121; x_wconf 88' lang='lat' dir='ltr'>permearit.</span> <span class='ocrx_word' id='word_1_144' title='bbox 999 1068 1101 1107; x_wconf 91' lang='lat' dir='ltr'>Mihi</span> <span class='ocrx_word' id='word_1_145' title='bbox 1114 1079 1243 1107; x_wconf 88' lang='lat' dir='ltr'>tamen</span> <span class='ocrx_word' id='word_1_146' title='bbox 1257 1081 1340 1108; x_wconf 90' lang='lat' dir='ltr'>non</span> 
     </span>
     <span class='ocr_line' id='line_1_17' title="bbox 69 1121 1338 1175; baseline -0.001 -13"><span class='ocrx_word' id='word_1_147' title='bbox 69 1121 180 1162; x_wconf 87' lang='lat' dir='ltr'>facile</span> <span class='ocrx_word' id='word_1_148' title='bbox 193 1123 277 1175; x_wconf 89' lang='lat' dir='ltr'>quis</span> <span class='ocrx_word' id='word_1_149' title='bbox 290 1121 548 1175; x_wconf 84' lang='lat' dir='ltr'>persuadebit,</span> <span class='ocrx_word' id='word_1_150' title='bbox 568 1136 656 1162; x_wconf 90' lang='lat' dir='ltr'>eum</span> <span class='ocrx_word' id='word_1_151' title='bbox 680 1123 739 1162; x_wconf 89' lang='lat' dir='ltr'>hic</span> <span class='ocrx_word' id='word_1_152' title='bbox 753 1123 880 1161; x_wconf 81' lang='lat' dir='ltr'>lacum</span> <span class='ocrx_word' id='word_1_153' title='bbox 894 1122 1096 1175; x_wconf 77' lang='lat' dir='ltr'>significari</span> <span class='ocrx_word' id='word_1_154' title='bbox 1107 1152 1118 1170; x_wconf 86' lang='lat'>,</span> <span class='ocrx_word' id='word_1_155' title='bbox 1142 1135 1257 1175; x_wconf 87' lang='lat' dir='ltr'>quem</span> <span class='ocrx_word' id='word_1_156' title='bbox 1273 1124 1338 1161; x_wconf 91' lang='lat' dir='ltr'>de-</span> 
     </span>
     <span class='ocr_line' id='line_1_18' title="bbox 69 1175 1339 1230; baseline 0.002 -16"><span class='ocrx_word' id='word_1_157' title='bbox 69 1175 212 1229; x_wconf 76' lang='lat' dir='ltr'>scripsit</span> <span class='ocrx_word' id='word_1_158' title='bbox 227 1177 459 1225; x_wconf 88' lang='lat' dir='ltr'>Herodot.1‚</span> <span class='ocrx_word' id='word_1_159' title='bbox 476 1189 510 1216; x_wconf 94' lang='lat' dir='ltr'>c.</span> <span class='ocrx_word' id='word_1_160' title='bbox 527 1176 614 1230; x_wconf 83' lang='lat'>185,</span> <span class='ocrx_word' id='word_1_161' title='bbox 635 1176 720 1216; x_wconf 83' lang='lat'>186.</span> <span class='ocrx_word' id='word_1_162' title='bbox 737 1176 849 1216; x_wconf 90' lang='lat' dir='ltr'>multi</span> <span class='ocrx_word' id='word_1_163' title='bbox 863 1175 970 1215; x_wconf 87' lang='lat' dir='ltr'>lacus</span> <span class='ocrx_word' id='word_1_164' title='bbox 985 1188 1093 1216; x_wconf 88' lang='lat' dir='ltr'>erant</span> <span class='ocrx_word' id='word_1_165' title='bbox 1108 1176 1339 1229; x_wconf 85' lang='lat' dir='ltr'>paludesque</span> 
     </span>
     <span class='ocr_line' id='line_1_19' title="bbox 69 1229 1340 1284; baseline 0 -14"><span class='ocrx_word' id='word_1_166' title='bbox 69 1242 150 1270; x_wconf 89' lang='lat' dir='ltr'>non</span> <span class='ocrx_word' id='word_1_167' title='bbox 169 1231 208 1269; x_wconf 92' lang='lat' dir='ltr'>in</span> <span class='ocrx_word' id='word_1_168' title='bbox 229 1230 447 1281; x_wconf 83' lang='lat' dir='ltr'>Babylonia</span> <span class='ocrx_word' id='word_1_169' title='bbox 470 1229 593 1270; x_wconf 90' lang='lat' dir='ltr'>solum</span> <span class='ocrx_word' id='word_1_170' title='bbox 606 1260 616 1276; x_wconf 83' lang='lat'>‚</span> <span class='ocrx_word' id='word_1_171' title='bbox 635 1230 698 1270; x_wconf 86' lang='lat' dir='ltr'>sed</span> <span class='ocrx_word' id='word_1_172' title='bbox 725 1243 849 1284; x_wconf 89' lang='lat' dir='ltr'>prope</span> <span class='ocrx_word' id='word_1_173' title='bbox 871 1230 987 1283; x_wconf 85' lang='lat' dir='ltr'>ipsam</span> <span class='ocrx_word' id='word_1_174' title='bbox 1005 1231 1248 1282; x_wconf 83' lang='lat' dir='ltr'>Babylonem</span> <span class='ocrx_word' id='word_1_175' title='bbox 1259 1259 1270 1277; x_wconf 85' lang='lat'>,</span> <span class='ocrx_word' id='word_1_176' title='bbox 1298 1231 1340 1271; x_wconf 88' lang='lat' dir='ltr'>in</span> 
     </span>
     <span class='ocr_line' id='line_1_20' title="bbox 72 1283 1339 1337; baseline 0 -15"><span class='ocrx_word' id='word_1_177' title='bbox 72 1296 168 1336; x_wconf 89' lang='lat' dir='ltr'>quas</span> <span class='ocrx_word' id='word_1_178' title='bbox 181 1284 322 1324; x_wconf 88' lang='lat' dir='ltr'>crebris</span> <span class='ocrx_word' id='word_1_179' title='bbox 342 1285 462 1324; x_wconf 89' lang='lat' dir='ltr'>alveis</span> <span class='ocrx_word' id='word_1_180' title='bbox 475 1297 519 1325; x_wconf 87' lang='lat' dir='ltr'>ac</span> <span class='ocrx_word' id='word_1_181' title='bbox 542 1283 838 1337; x_wconf 85' lang='lat' dir='ltr'>perfoffionibus</span> <span class='ocrx_word' id='word_1_182' title='bbox 851 1284 1026 1324; x_wconf 64' lang='lat' dir='ltr'>diduetus</span> <span class='ocrx_word' id='word_1_183' title='bbox 1047 1284 1194 1324; x_wconf 85' lang='lat' dir='ltr'>fluvius</span> <span class='ocrx_word' id='word_1_184' title='bbox 1208 1284 1339 1323; x_wconf 87' lang='lat' dir='ltr'>illabe-</span> 
     </span>
     <span class='ocr_line' id='line_1_21' title="bbox 71 1336 1340 1392; baseline -0.001 -15"><span class='ocrx_word' id='word_1_185' title='bbox 71 1336 198 1378; x_wconf 88' lang='lat' dir='ltr'>batur:</span> <span class='ocrx_word' id='word_1_186' title='bbox 210 1350 331 1390; x_wconf 91' lang='lat' dir='ltr'>eaque</span> <span class='ocrx_word' id='word_1_187' title='bbox 347 1340 638 1392; x_wconf 85' lang='lat' dir='ltr'>opportunitate</span> <span class='ocrx_word' id='word_1_188' title='bbox 649 1351 772 1390; x_wconf 86' lang='lat' dir='ltr'>aquae</span> <span class='ocrx_word' id='word_1_189' title='bbox 784 1338 1024 1387; x_wconf 73' lang='lat' dir='ltr'>derivandae,</span> <span class='ocrx_word' id='word_1_190' title='bbox 1038 1349 1156 1391; x_wconf 88' lang='lat' dir='ltr'>prout</span> <span class='ocrx_word' id='word_1_191' title='bbox 1168 1338 1213 1377; x_wconf 88' lang='lat' dir='ltr'>ad</span> <span class='ocrx_word' id='word_1_192' title='bbox 1225 1350 1340 1390; x_wconf 80' lang='lat' dir='ltr'>agro-</span> 
     </span>
     <span class='ocr_line' id='line_1_22' title="bbox 69 1390 1338 1444; baseline 0 -14"><span class='ocrx_word' id='word_1_193' title='bbox 69 1404 156 1431; x_wconf 86' lang='lat' dir='ltr'>rum</span> <span class='ocrx_word' id='word_1_194' title='bbox 176 1390 475 1433; x_wconf 80' lang='lat' dir='ltr'>foecunditatem</span> <span class='ocrx_word' id='word_1_195' title='bbox 491 1393 744 1432; x_wconf 84' lang='lat' dir='ltr'>commodum</span> <span class='ocrx_word' id='word_1_196' title='bbox 759 1402 841 1432; x_wconf 90' lang='lat' dir='ltr'>erat</span> <span class='ocrx_word' id='word_1_197' title='bbox 853 1423 865 1440; x_wconf 86' lang='lat'>‚</span> <span class='ocrx_word' id='word_1_198' title='bbox 885 1391 952 1444; x_wconf 89' lang='lat' dir='ltr'>ipfi</span> <span class='ocrx_word' id='word_1_199' title='bbox 965 1393 1170 1431; x_wconf 90' lang='lat' dir='ltr'>utebantur</span> <span class='ocrx_word' id='word_1_200' title='bbox 1181 1393 1338 1444; x_wconf 81' lang='lat' dir='ltr'>agrico-</span> 
     </span>
     <span class='ocr_line' id='line_1_23' title="bbox 69 1444 1337 1498; baseline 0.001 -14"><span class='ocrx_word' id='word_1_201' title='bbox 69 1444 128 1484; x_wconf 81' lang='lat' dir='ltr'>lae</span> <span class='ocrx_word' id='word_1_202' title='bbox 141 1444 286 1498; x_wconf 74' lang='lat' dir='ltr'>Affyrii</span> <span class='ocrx_word' id='word_1_203' title='bbox 297 1476 310 1492; x_wconf 88' lang='lat'><strong><em>,</em></strong></span> <span class='ocrx_word' id='word_1_204' title='bbox 324 1446 415 1485; x_wconf 87' lang='lat' dir='ltr'>teste</span> <span class='ocrx_word' id='word_1_205' title='bbox 427 1446 591 1485; x_wconf 89' lang='lat' dir='ltr'>Libanio</span> <span class='ocrx_word' id='word_1_206' title='bbox 604 1446 676 1486; x_wconf 89' lang='lat' dir='ltr'>Or.</span> <span class='ocrx_word' id='word_1_207' title='bbox 691 1446 728 1485; x_wconf 95' lang='lat' dir='ltr'>X</span> <span class='ocrx_word' id='word_1_208' title='bbox 739 1476 752 1492; x_wconf 93' lang='lat'>,</span> <span class='ocrx_word' id='word_1_209' title='bbox 764 1458 849 1498; x_wconf 86' lang='lat' dir='ltr'>pag.</span> <span class='ocrx_word' id='word_1_210' title='bbox 866 1460 941 1498; x_wconf 83' lang='lat'>314</span> <span class='ocrx_word' id='word_1_211' title='bbox 956 1446 1005 1498; x_wconf 88' lang='grc' dir='ltr'>ᾼ.</span> <span class='ocrx_word' id='word_1_212' title='bbox 1023 1445 1055 1484; x_wconf 77' lang='grc' dir='ltr'>οἱ</span> <span class='ocrx_word' id='word_1_213' title='bbox 1069 1445 1113 1485; x_wconf 62' lang='grc' dir='ltr'>Σὲ</span> <span class='ocrx_word' id='word_1_214' title='bbox 1127 1445 1208 1497; x_wconf 67' lang='grc' dir='ltr'>περὶ</span> <span class='ocrx_word' id='word_1_215' title='bbox 1225 1444 1337 1485; x_wconf 70' lang='grc' dir='ltr'><em>αὐτὸν</em></span> 
     </span>
     <span class='ocr_line' id='line_1_24' title="bbox 68 1498 1338 1552; baseline -0.002 -14"><span class='ocrx_word' id='word_1_216' title='bbox 68 1512 197 1552; x_wconf 63' lang='grc' dir='ltr'><em>’γεωργ</em></span> <span class='ocrx_word' id='word_1_217' title='bbox 204 1500 234 1538; x_wconf 76' lang='lat' dir='ltr'>ol</span> <span class='ocrx_word' id='word_1_218' title='bbox 249 1499 448 1552; x_wconf 58' lang='grc' dir='ltr'>ὃιώρυχας</span> <span class='ocrx_word' id='word_1_219' title='bbox 461 1499 548 1539; x_wconf 76' lang='grc' dir='ltr'><em>ἔνθεν</em></span> <span class='ocrx_word' id='word_1_220' title='bbox 565 1501 632 1539; x_wconf 71' lang='grc' dir='ltr'>καὶ</span> <span class='ocrx_word' id='word_1_221' title='bbox 653 1498 741 1539; x_wconf 79' lang='grc' dir='ltr'><em>ἔνθεν</em></span> <span class='ocrx_word' id='word_1_222' title='bbox 755 1501 1067 1549; x_wconf 68' lang='grc' dir='ltr'><em>κατατέμνοντες,</em></span> <span class='ocrx_word' id='word_1_223' title='bbox 1081 1498 1206 1538; x_wconf 60' lang='grc' dir='ltr'>ὁπόσαι</span> <span class='ocrx_word' id='word_1_224' title='bbox 1219 1499 1338 1550; x_wconf 73' lang='grc' dir='ltr'>Αἰγύ-</span> 
     </span>
     <span class='ocr_line' id='line_1_25' title="bbox 70 1547 1337 1606; baseline 0.001 -15"><span class='ocrx_word' id='word_1_225' title='bbox 70 1567 174 1592; x_wconf 68' lang='grc' dir='ltr'><strong><em>πτιοι</em></strong></span> <span class='ocrx_word' id='word_1_226' title='bbox 197 1552 249 1603; x_wconf 71' lang='grc' dir='ltr'>τῷ</span> <span class='ocrx_word' id='word_1_227' title='bbox 269 1554 401 1603; x_wconf 80' lang='grc' dir='ltr'>Νείλῳ,</span> <span class='ocrx_word' id='word_1_228' title='bbox 422 1553 594 1606; x_wconf 70' lang='grc' dir='ltr'>χρῶνται</span> <span class='ocrx_word' id='word_1_229' title='bbox 611 1554 675 1592; x_wconf 68' lang='grc' dir='ltr'>καὶ</span> <span class='ocrx_word' id='word_1_230' title='bbox 698 1547 797 1593; x_wconf 57' lang='grc' dir='ltr'><strong><em>οὗτοι</em></strong></span> <span class='ocrx_word' id='word_1_231' title='bbox 811 1553 865 1603; x_wconf 74' lang='grc' dir='ltr'>τῷ</span> <span class='ocrx_word' id='word_1_232' title='bbox 879 1552 1056 1602; x_wconf 71' lang='grc' dir='ltr'><em>ποταμῷ.</em></span> <span class='ocrx_word' id='word_1_233' title='bbox 1077 1553 1166 1591; x_wconf 86' lang='lat' dir='ltr'>Illas</span> <span class='ocrx_word' id='word_1_234' title='bbox 1181 1552 1337 1604; x_wconf 83' lang='lat' dir='ltr'>paludes</span> 
     </span>
     <span class='ocr_line' id='line_1_26' title="bbox 70 1605 1338 1659; baseline -0.002 -13"><span class='ocrx_word' id='word_1_235' title='bbox 70 1606 175 1646; x_wconf 81' lang='lat' dir='ltr'>fuiffe</span> <span class='ocrx_word' id='word_1_236' title='bbox 188 1608 426 1659; x_wconf 85' lang='lat' dir='ltr'>navigabiles</span> <span class='ocrx_word' id='word_1_237' title='bbox 438 1606 600 1647; x_wconf 85' lang='lat' dir='ltr'>ostendit</span> <span class='ocrx_word' id='word_1_238' title='bbox 608 1608 841 1654; x_wconf 85' lang='lat' dir='ltr'>Alexander,</span> <span class='ocrx_word' id='word_1_239' title='bbox 850 1608 929 1659; x_wconf 85' lang='lat' dir='ltr'>qui,</span> <span class='ocrx_word' id='word_1_240' title='bbox 939 1608 1004 1645; x_wconf 89' lang='lat' dir='ltr'>ubi</span> <span class='ocrx_word' id='word_1_241' title='bbox 1019 1608 1066 1645; x_wconf 78' lang='lat' dir='ltr'>ab</span> <span class='ocrx_word' id='word_1_242' title='bbox 1080 1605 1247 1657; x_wconf 61' lang='lat' dir='ltr'>inspeeto</span> <span class='ocrx_word' id='word_1_243' title='bbox 1257 1606 1338 1645; x_wconf 89' lang='lat' dir='ltr'>Pal-</span> 
     </span>
     <span class='ocr_line' id='line_1_27' title="bbox 69 1659 1336 1713; baseline -0.002 -12"><span class='ocrx_word' id='word_1_244' title='bbox 69 1659 208 1713; x_wconf 85' lang='lat' dir='ltr'>lacopa</span> <span class='ocrx_word' id='word_1_245' title='bbox 220 1661 402 1708; x_wconf 86' lang='lat' dir='ltr'>redierat,</span> <span class='ocrx_word' id='word_1_246' title='bbox 415 1661 569 1702; x_wconf 65' lang='grc' dir='ltr'><em>ἀνέπλει</em></span> <span class='ocrx_word' id='word_1_247' title='bbox 582 1690 592 1708; x_wconf 86' lang='grc'><em>,</em></span> <span class='ocrx_word' id='word_1_248' title='bbox 610 1671 656 1700; x_wconf 89' lang='lat' dir='ltr'>ut</span> <span class='ocrx_word' id='word_1_249' title='bbox 670 1661 857 1700; x_wconf 83' lang='lat' dir='ltr'>Arrianus</span> <span class='ocrx_word' id='word_1_250' title='bbox 870 1662 922 1699; x_wconf 86' lang='lat' dir='ltr'>ait</span> <span class='ocrx_word' id='word_1_251' title='bbox 935 1661 986 1700; x_wconf 88' lang='lat' dir='ltr'>&#39;A.</span> <span class='ocrx_word' id='word_1_252' title='bbox 1005 1662 1055 1699; x_wconf 92' lang='lat' dir='ltr'>’A.</span> <span class='ocrx_word' id='word_1_253' title='bbox 1074 1660 1150 1699; x_wconf 93' lang='lat' dir='ltr'>VlI</span> <span class='ocrx_word' id='word_1_254' title='bbox 1161 1691 1172 1708; x_wconf 91' lang='lat'>‚</span> <span class='ocrx_word' id='word_1_255' title='bbox 1188 1673 1226 1712; x_wconf 92' lang='lat' dir='ltr'>p.</span> <span class='ocrx_word' id='word_1_256' title='bbox 1244 1673 1336 1712; x_wconf 80' lang='lat'>304,</span> 
     </span>
     <span class='ocr_line' id='line_1_28' title="bbox 68 1708 1337 1768; baseline -0.001 -14"><span class='ocrx_word' id='word_1_257' title='bbox 68 1708 174 1754; x_wconf 60' lang='grc' dir='ltr'><strong><em>αὖθις</em></strong></span> <span class='ocrx_word' id='word_1_258' title='bbox 195 1717 298 1753; x_wconf 67' lang='grc' dir='ltr'>κατὰ</span> <span class='ocrx_word' id='word_1_259' title='bbox 309 1716 363 1755; x_wconf 70' lang='grc' dir='ltr'>τὰ</span> <span class='ocrx_word' id='word_1_260' title='bbox 376 1712 438 1756; x_wconf 76' lang='grc' dir='ltr'>ἕλη</span> <span class='ocrx_word' id='word_1_261' title='bbox 458 1714 602 1767; x_wconf 61' lang='grc' dir='ltr'>θαιῤῥῶν</span> <span class='ocrx_word' id='word_1_262' title='bbox 617 1716 650 1754; x_wconf 78' lang='grc' dir='ltr'>ἐν</span> <span class='ocrx_word' id='word_1_263' title='bbox 663 1714 842 1767; x_wconf 68' lang='grc' dir='ltr'><em>ἀριστερᾷ</em></span> <span class='ocrx_word' id='word_1_264' title='bbox 862 1713 962 1768; x_wconf 75' lang='grc' dir='ltr'><em>ἔχων</em></span> <span class='ocrx_word' id='word_1_265' title='bbox 975 1713 1041 1754; x_wconf 65' lang='grc' dir='ltr'>τὴν</span> <span class='ocrx_word' id='word_1_266' title='bbox 1055 1714 1271 1759; x_wconf 65' lang='grc' dir='ltr'><em>Βαβυλῶνα·</em></span> <span class='ocrx_word' id='word_1_267' title='bbox 1293 1714 1337 1753; x_wconf 86' lang='lat'>&amp;</span> 
     </span>
     <span class='ocr_line' id='line_1_29' title="bbox 72 1766 1337 1822; baseline 0 -15"><span class='ocrx_word' id='word_1_268' title='bbox 72 1781 165 1807; x_wconf 78' lang='lat' dir='ltr'>mox</span> <span class='ocrx_word' id='word_1_269' title='bbox 176 1768 272 1808; x_wconf 89' lang='lat' dir='ltr'>idem</span> <span class='ocrx_word' id='word_1_270' title='bbox 286 1769 414 1816; x_wconf 89' lang='lat' dir='ltr'>docet,</span> <span class='ocrx_word' id='word_1_271' title='bbox 427 1769 553 1822; x_wconf 86' lang='lat' dir='ltr'>vulgo</span> <span class='ocrx_word' id='word_1_272' title='bbox 566 1768 654 1808; x_wconf 87' lang='lat' dir='ltr'>ferri</span> <span class='ocrx_word' id='word_1_273' title='bbox 667 1768 740 1809; x_wconf 75' lang='grc' dir='ltr'>τῶν</span> <span class='ocrx_word' id='word_1_274' title='bbox 755 1769 938 1814; x_wconf 73' lang='grc' dir='ltr'><em>βασιλέων</em></span> <span class='ocrx_word' id='word_1_275' title='bbox 951 1768 1022 1808; x_wconf 70' lang='grc' dir='ltr'>τῶν</span> <span class='ocrx_word' id='word_1_276' title='bbox 1036 1768 1237 1819; x_wconf 75' lang='grc' dir='ltr'>Ἀσσυρίων</span> <span class='ocrx_word' id='word_1_277' title='bbox 1247 1766 1337 1807; x_wconf 77' lang='grc' dir='ltr'><strong><em>τοὺς</em></strong></span> 
     </span>
     <span class='ocr_line' id='line_1_30' title="bbox 71 1817 1335 1873; baseline 0 -13"><span class='ocrx_word' id='word_1_278' title='bbox 71 1822 213 1869; x_wconf 71' lang='grc' dir='ltr'><strong><em>τάφους</em></strong></span> <span class='ocrx_word' id='word_1_279' title='bbox 228 1821 262 1861; x_wconf 73' lang='grc' dir='ltr'>ἓν</span> <span class='ocrx_word' id='word_1_280' title='bbox 272 1823 360 1861; x_wconf 72' lang='grc' dir='ltr'>ταῖς</span> <span class='ocrx_word' id='word_1_281' title='bbox 375 1824 523 1873; x_wconf 71' lang='grc' dir='ltr'>λίμναις</span> <span class='ocrx_word' id='word_1_282' title='bbox 535 1837 579 1861; x_wconf 76' lang='grc' dir='ltr'>τε·</span> <span class='ocrx_word' id='word_1_283' title='bbox 593 1819 683 1863; x_wconf 67' lang='grc' dir='ltr'><em>εἶναι</em></span> <span class='ocrx_word' id='word_1_284' title='bbox 698 1822 783 1862; x_wconf 80' lang='grc' dir='ltr'><strong><em>τοὺς</em></strong></span> <span class='ocrx_word' id='word_1_285' title='bbox 797 1822 964 1862; x_wconf 65' lang='grc' dir='ltr'>’πολλοὺς</span> <span class='ocrx_word' id='word_1_286' title='bbox 986 1822 1050 1860; x_wconf 71' lang='grc' dir='ltr'>καὶ</span> <span class='ocrx_word' id='word_1_287' title='bbox 1075 1823 1109 1860; x_wconf 79' lang='grc' dir='ltr'>ἑν</span> <span class='ocrx_word' id='word_1_288' title='bbox 1131 1820 1209 1860; x_wconf 78' lang='grc' dir='ltr'><strong><em>τοῖς</em></strong></span> <span class='ocrx_word' id='word_1_289' title='bbox 1229 1817 1335 1860; x_wconf 75' lang='grc' dir='ltr'><em>ἕλεσι</em></span> 
     </span>
     <span class='ocr_line' id='line_1_31' title="bbox 71 1874 1333 1930; baseline -0.002 -16"><span class='ocrx_word' id='word_1_290' title='bbox 71 1875 356 1926; x_wconf 48' lang='lat' dir='ltr'>deson-ripamve.</span> <span class='ocrx_word' id='word_1_291' title='bbox 375 1876 588 1925; x_wconf 77' lang='lat' dir='ltr'>Diodorus,</span> <span class='ocrx_word' id='word_1_292' title='bbox 602 1877 667 1930; x_wconf 87' lang='lat' dir='ltr'>qui</span> <span class='ocrx_word' id='word_1_293' title='bbox 680 1888 808 1916; x_wconf 89' lang='lat' dir='ltr'>tamen</span> <span class='ocrx_word' id='word_1_294' title='bbox 824 1877 919 1916; x_wconf 88' lang='lat' dir='ltr'>alios</span> <span class='ocrx_word' id='word_1_295' title='bbox 937 1877 1116 1916; x_wconf 65' lang='lat' dir='ltr'>auuores</span> <span class='ocrx_word' id='word_1_296' title='bbox 1130 1874 1279 1914; x_wconf 87' lang='lat' dir='ltr'>secutus</span> <span class='ocrx_word' id='word_1_297' title='bbox 1293 1875 1333 1913; x_wconf 89' lang='lat' dir='ltr'>in</span> 
     </span>
     <span class='ocr_line' id='line_1_32' title="bbox 71 1928 1335 1984; baseline -0.001 -16"><span class='ocrx_word' id='word_1_298' title='bbox 71 1929 141 1969; x_wconf 83' lang='lat' dir='ltr'>hac</span> <span class='ocrx_word' id='word_1_299' title='bbox 152 1930 306 1970; x_wconf 82' lang='lat' dir='ltr'>historia</span> <span class='ocrx_word' id='word_1_300' title='bbox 321 1931 506 1970; x_wconf 82' lang='lat' dir='ltr'>narranda</span> <span class='ocrx_word' id='word_1_301' title='bbox 527 1944 732 1984; x_wconf 85' lang='lat' dir='ltr'>parumper</span> <span class='ocrx_word' id='word_1_302' title='bbox 746 1931 794 1970; x_wconf 89' lang='lat' dir='ltr'>ab</span> <span class='ocrx_word' id='word_1_303' title='bbox 807 1931 975 1970; x_wconf 87' lang='lat' dir='ltr'>Arriano</span> <span class='ocrx_word' id='word_1_304' title='bbox 999 1928 1126 1969; x_wconf 83' lang='lat' dir='ltr'>differt</span> <span class='ocrx_word' id='word_1_305' title='bbox 1138 1960 1152 1975; x_wconf 93' lang='lat'><em>,</em></span> <span class='ocrx_word' id='word_1_306' title='bbox 1171 1928 1239 1968; x_wconf 72' lang='grc' dir='ltr'>τὴν</span> <span class='ocrx_word' id='word_1_307' title='bbox 1252 1928 1335 1981; x_wconf 69' lang='grc' dir='ltr'>περὶ</span> 
     </span>
     <span class='ocr_line' id='line_1_33' title="bbox 72 1983 1332 2038; baseline -0.001 -17"><span class='ocrx_word' id='word_1_308' title='bbox 72 1983 135 2022; x_wconf 57' lang='grc' dir='ltr'>’τὴν</span> <span class='ocrx_word' id='word_1_309' title='bbox 150 1985 376 2028; x_wconf 69' lang='grc' dir='ltr'><em>Βαβυλωνίαν</em></span> <span class='ocrx_word' id='word_1_310' title='bbox 401 1985 527 2034; x_wconf 80' lang='grc' dir='ltr'><em>λίμνην</em></span> <span class='ocrx_word' id='word_1_311' title='bbox 543 1985 730 2038; x_wconf 84' lang='lat' dir='ltr'>appellat,</span> <span class='ocrx_word' id='word_1_312' title='bbox 752 1984 821 2023; x_wconf 75' lang='lat' dir='ltr'>nisi</span> <span class='ocrx_word' id='word_1_313' title='bbox 836 1986 970 2038; x_wconf 88' lang='lat' dir='ltr'>potius</span> <span class='ocrx_word' id='word_1_314' title='bbox 981 2013 992 2032; x_wconf 86' lang='lat'>‚</span> <span class='ocrx_word' id='word_1_315' title='bbox 1016 1996 1078 2023; x_wconf 91' lang='lat' dir='ltr'>me</span> <span class='ocrx_word' id='word_1_316' title='bbox 1090 1995 1169 2022; x_wconf 89' lang='lat' dir='ltr'>non</span> <span class='ocrx_word' id='word_1_317' title='bbox 1181 1983 1306 2021; x_wconf 89' lang='lat' dir='ltr'>invito</span> <span class='ocrx_word' id='word_1_318' title='bbox 1319 2013 1332 2031; x_wconf 89' lang='lat'><strong><em>,</em></strong></span> 
     </span>
     <span class='ocr_line' id='line_1_34' title="bbox 71 2035 1332 2091; baseline -0.002 -15"><span class='ocrx_word' id='word_1_319' title='bbox 71 2035 178 2076; x_wconf 81' lang='lat' dir='ltr'>scribi</span> <span class='ocrx_word' id='word_1_320' title='bbox 194 2038 315 2090; x_wconf 88' lang='lat' dir='ltr'>placet</span> <span class='ocrx_word' id='word_1_321' title='bbox 325 2039 406 2090; x_wconf 72' lang='grc' dir='ltr'>περὶ</span> <span class='ocrx_word' id='word_1_322' title='bbox 420 2038 484 2078; x_wconf 72' lang='grc' dir='ltr'>τὴν</span> <span class='ocrx_word' id='word_1_323' title='bbox 497 2038 709 2084; x_wconf 62' lang='grc' dir='ltr'><em>Βαβυλῶνα·</em></span> <span class='ocrx_word' id='word_1_324' title='bbox 719 2051 834 2091; x_wconf 89' lang='lat' dir='ltr'>quem</span> <span class='ocrx_word' id='word_1_325' title='bbox 848 2039 975 2078; x_wconf 90' lang='lat' dir='ltr'>lacum</span> <span class='ocrx_word' id='word_1_326' title='bbox 989 2050 1078 2077; x_wconf 89' lang='lat' dir='ltr'>cum</span> <span class='ocrx_word' id='word_1_327' title='bbox 1090 2036 1231 2076; x_wconf 88' lang='lat' dir='ltr'>visendi</span> <span class='ocrx_word' id='word_1_328' title='bbox 1244 2049 1332 2075; x_wconf 48' lang='lat' dir='ltr'>cau-v</span> 
     </span>
     <span class='ocr_line' id='line_1_35' title="bbox 72 2089 1330 2145; baseline -0.002 -15"><span class='ocrx_word' id='word_1_329' title='bbox 72 2089 110 2130; x_wconf 83' lang='lat' dir='ltr'>sa</span> <span class='ocrx_word' id='word_1_330' title='bbox 125 2090 313 2138; x_wconf 84' lang='lat' dir='ltr'>intraffet,</span> <span class='ocrx_word' id='word_1_331' title='bbox 329 2105 461 2131; x_wconf 89' lang='lat' dir='ltr'>errore</span> <span class='ocrx_word' id='word_1_332' title='bbox 483 2091 699 2145; x_wconf 90' lang='lat' dir='ltr'>periculoso</span> <span class='ocrx_word' id='word_1_333' title='bbox 720 2092 879 2132; x_wconf 62' lang='lat' dir='ltr'>iaetatus</span> <span class='ocrx_word' id='word_1_334' title='bbox 892 2091 1108 2132; x_wconf 83' lang='lat' dir='ltr'>Alexander</span> <span class='ocrx_word' id='word_1_335' title='bbox 1129 2091 1197 2130; x_wconf 80' lang='lat' dir='ltr'>vix</span> <span class='ocrx_word' id='word_1_336' title='bbox 1212 2103 1330 2142; x_wconf 89' lang='lat' dir='ltr'>quar-</span> 
     </span>
     <span class='ocr_line' id='line_1_36' title="bbox 72 2144 1330 2196; baseline -0.002 -12"><span class='ocrx_word' id='word_1_337' title='bbox 72 2155 116 2184; x_wconf 80' lang='lat' dir='ltr'>to</span> <span class='ocrx_word' id='word_1_338' title='bbox 127 2146 277 2185; x_wconf 89' lang='lat' dir='ltr'>demum</span> <span class='ocrx_word' id='word_1_339' title='bbox 293 2147 351 2185; x_wconf 89' lang='lat' dir='ltr'>die</span> <span class='ocrx_word' id='word_1_340' title='bbox 363 2145 491 2185; x_wconf 81' lang='lat' dir='ltr'>salvus</span> <span class='ocrx_word' id='word_1_341' title='bbox 509 2145 648 2185; x_wconf 89' lang='lat' dir='ltr'>evafit:</span> <span class='ocrx_word' id='word_1_342' title='bbox 669 2147 768 2186; x_wconf 92' lang='lat' dir='ltr'>unde</span> <span class='ocrx_word' id='word_1_343' title='bbox 785 2159 864 2186; x_wconf 89' lang='lat' dir='ltr'>non</span> <span class='ocrx_word' id='word_1_344' title='bbox 884 2145 1044 2185; x_wconf 90' lang='lat' dir='ltr'>obscure</span> <span class='ocrx_word' id='word_1_345' title='bbox 1065 2144 1273 2196; x_wconf 84' lang='lat' dir='ltr'>colligitur,</span> <span class='ocrx_word' id='word_1_346' title='bbox 1291 2144 1330 2182; x_wconf 88' lang='lat' dir='ltr'>in</span> 
     </span>
     <span class='ocr_line' id='line_1_37' title="bbox 73 2198 1329 2253; baseline -0.002 -14"><span class='ocrx_word' id='word_1_347' title='bbox 73 2211 255 2250; x_wconf 87' lang='lat' dir='ltr'>quantum</span> <span class='ocrx_word' id='word_1_348' title='bbox 269 2199 428 2252; x_wconf 85' lang='lat' dir='ltr'>spatium</span> <span class='ocrx_word' id='word_1_349' title='bbox 441 2202 616 2253; x_wconf 58' lang='lat' dir='ltr'>perrefita</span> <span class='ocrx_word' id='word_1_350' title='bbox 628 2199 771 2240; x_wconf 88' lang='lat' dir='ltr'>fuerint</span> <span class='ocrx_word' id='word_1_351' title='bbox 782 2201 875 2240; x_wconf 90' lang='lat' dir='ltr'>haec</span> <span class='ocrx_word' id='word_1_352' title='bbox 888 2200 1022 2252; x_wconf 86' lang='lat' dir='ltr'>stagna</span> <span class='ocrx_word' id='word_1_353' title='bbox 1036 2198 1217 2251; x_wconf 90' lang='lat' dir='ltr'>paludosa</span> <span class='ocrx_word' id='word_1_354' title='bbox 1230 2229 1241 2246; x_wconf 83' lang='grc'><em>,</em></span> <span class='ocrx_word' id='word_1_355' title='bbox 1261 2198 1329 2236; x_wconf 88' lang='lat' dir='ltr'>ubi</span> 
     </span>
     <span class='ocr_line' id='line_1_38' title="bbox 73 2252 1330 2307; baseline -0.001 -16"><span class='ocrx_word' id='word_1_356' title='bbox 73 2263 148 2292; x_wconf 81' lang='lat' dir='ltr'>tam</span> <span class='ocrx_word' id='word_1_357' title='bbox 159 2266 275 2306; x_wconf 87' lang='lat' dir='ltr'>grave</span> <span class='ocrx_word' id='word_1_358' title='bbox 287 2253 482 2294; x_wconf 85' lang='lat' dir='ltr'>discrimen</span> <span class='ocrx_word' id='word_1_359' title='bbox 495 2255 541 2293; x_wconf 82' lang='lat' dir='ltr'>ab</span> <span class='ocrx_word' id='word_1_360' title='bbox 551 2255 694 2293; x_wconf 87' lang='lat' dir='ltr'>itineris</span> <span class='ocrx_word' id='word_1_361' title='bbox 705 2255 843 2307; x_wconf 86' lang='lat' dir='ltr'>ignaris</span> <span class='ocrx_word' id='word_1_362' title='bbox 852 2255 942 2294; x_wconf 88' lang='lat' dir='ltr'>adiri</span> <span class='ocrx_word' id='word_1_363' title='bbox 953 2263 1116 2306; x_wconf 88' lang='lat' dir='ltr'>poterat.</span> <span class='ocrx_word' id='word_1_364' title='bbox 1131 2252 1254 2304; x_wconf 88' lang='lat' dir='ltr'>Quod</span> <span class='ocrx_word' id='word_1_365' title='bbox 1267 2265 1330 2290; x_wconf 88' lang='lat' dir='ltr'>au-</span> 
     </span>
     <span class='ocr_line' id='line_1_39' title="bbox 72 2304 1331 2361; baseline 0 -16"><span class='ocrx_word' id='word_1_366' title='bbox 72 2316 149 2355; x_wconf 81' lang='lat' dir='ltr'>tem</span> <span class='ocrx_word' id='word_1_367' title='bbox 162 2307 301 2348; x_wconf 84' lang='lat' dir='ltr'>Noster</span> <span class='ocrx_word' id='word_1_368' title='bbox 321 2309 446 2358; x_wconf 77' lang='grc' dir='ltr'><em>λίμνην</em></span> <span class='ocrx_word' id='word_1_369' title='bbox 467 2309 577 2361; x_wconf 85' lang='lat' dir='ltr'>ponit</span> <span class='ocrx_word' id='word_1_370' title='bbox 587 2338 597 2355; x_wconf 85' lang='lat'><strong>‚</strong></span> <span class='ocrx_word' id='word_1_371' title='bbox 611 2307 660 2347; x_wconf 78' lang='grc' dir='ltr'>εἰς</span> <span class='ocrx_word' id='word_1_372' title='bbox 675 2308 714 2348; x_wconf 65' lang='grc' dir='ltr'>ἢν</span> <span class='ocrx_word' id='word_1_373' title='bbox 729 2308 744 2347; x_wconf 82' lang='grc' dir='ltr'>ὁ</span> <span class='ocrx_word' id='word_1_374' title='bbox 759 2304 946 2358; x_wconf 65' lang='grc' dir='ltr'>Εὐφράτης</span> <span class='ocrx_word' id='word_1_375' title='bbox 959 2307 1199 2357; x_wconf 68' lang='grc' dir='ltr'>ἀφανίζεται,</span> <span class='ocrx_word' id='word_1_376' title='bbox 1214 2306 1331 2356; x_wconf 82' lang='lat' dir='ltr'>paulo</span> 
     </span>
     <span class='ocr_line' id='line_1_40' title="bbox 73 2359 1330 2415; baseline -0.001 -16"><span class='ocrx_word' id='word_1_377' title='bbox 73 2359 194 2401; x_wconf 75' lang='lat' dir='ltr'>{axius</span> <span class='ocrx_word' id='word_1_378' title='bbox 208 2362 260 2401; x_wconf 90' lang='lat' dir='ltr'>est</span> <span class='ocrx_word' id='word_1_379' title='bbox 275 2362 534 2414; x_wconf 88' lang='lat' dir='ltr'>accipiendum</span> <span class='ocrx_word' id='word_1_380' title='bbox 544 2393 556 2408; x_wconf 93' lang='lat'>,</span> <span class='ocrx_word' id='word_1_381' title='bbox 570 2375 737 2415; x_wconf 88' lang='lat' dir='ltr'>eumque</span> <span class='ocrx_word' id='word_1_382' title='bbox 748 2361 827 2401; x_wconf 87' lang='lat' dir='ltr'>fere</span> <span class='ocrx_word' id='word_1_383' title='bbox 838 2363 875 2400; x_wconf 87' lang='lat' dir='ltr'>in</span> <span class='ocrx_word' id='word_1_384' title='bbox 890 2362 1046 2400; x_wconf 88' lang='lat' dir='ltr'>modum</span> <span class='ocrx_word' id='word_1_385' title='bbox 1059 2390 1071 2408; x_wconf 83' lang='lat'>‚</span> <span class='ocrx_word' id='word_1_386' title='bbox 1092 2373 1173 2412; x_wconf 87' lang='lat' dir='ltr'>quo</span> <span class='ocrx_word' id='word_1_387' title='bbox 1186 2359 1330 2398; x_wconf 86' lang='lat' dir='ltr'>Plinius</span> 
     </span>
     <span class='ocr_line' id='line_1_41' title="bbox 73 2411 1330 2469; baseline -0.002 -15"><span class='ocrx_word' id='word_1_388' title='bbox 73 2411 192 2454; x_wconf 75' lang='lat' dir='ltr'>scribit</span> <span class='ocrx_word' id='word_1_389' title='bbox 200 2417 250 2455; x_wconf 91' lang='lat' dir='ltr'>H.</span> <span class='ocrx_word' id='word_1_390' title='bbox 263 2416 311 2455; x_wconf 87' lang='lat' dir='ltr'>N.</span> <span class='ocrx_word' id='word_1_391' title='bbox 321 2418 377 2462; x_wconf 90' lang='lat' dir='ltr'>V,</span> <span class='ocrx_word' id='word_1_392' title='bbox 388 2418 451 2464; x_wconf 88' lang='lat'>26,</span> <span class='ocrx_word' id='word_1_393' title='bbox 461 2416 692 2469; x_wconf 83' lang='lat' dir='ltr'>Euphratem</span> <span class='ocrx_word' id='word_1_394' title='bbox 703 2417 881 2456; x_wconf 76' lang='lat' dir='ltr'>dexteriore</span> <span class='ocrx_word' id='word_1_395' title='bbox 890 2417 987 2455; x_wconf 77' lang='lat' dir='ltr'>alveo</span> <span class='ocrx_word' id='word_1_396' title='bbox 993 2415 1218 2466; x_wconf 74' lang='lat' dir='ltr'>Babylonem,</span> <span class='ocrx_word' id='word_1_397' title='bbox 1227 2429 1330 2466; x_wconf 83' lang='lat' dir='ltr'>quon-</span> 
     </span>
     <span class='ocr_line' id='line_1_42' title="bbox 79 2470 1327 2524; baseline -0.001 -18"><span class='ocrx_word' id='word_1_398' title='bbox 79 2470 154 2508; x_wconf 78' lang='lat' dir='ltr'>dam</span> <span class='ocrx_word' id='word_1_399' title='bbox 171 2471 356 2509; x_wconf 79' lang='lat' dir='ltr'>Chaldaeae</span> <span class='ocrx_word' id='word_1_400' title='bbox 372 2482 487 2521; x_wconf 75' lang='lat' dir='ltr'>caput,</span> <span class='ocrx_word' id='word_1_401' title='bbox 506 2483 627 2524; x_wconf 84' lang='lat' dir='ltr'>petere,</span> <span class='ocrx_word' id='word_1_402' title='bbox 646 2472 848 2523; x_wconf 81' lang='lat' dir='ltr'>mediamque</span> <span class='ocrx_word' id='word_1_403' title='bbox 868 2481 1103 2522; x_wconf 83' lang='lat' dir='ltr'>permeantem,</span> <span class='ocrx_word' id='word_1_404' title='bbox 1126 2470 1202 2507; x_wconf 80' lang='lat' dir='ltr'>item</span> <span class='ocrx_word' id='word_1_405' title='bbox 1225 2484 1327 2519; x_wconf 79' lang='lat' dir='ltr'>quam</span> 
     </span>
     <span class='ocr_line' id='line_1_43' title="bbox 78 2522 1326 2580; baseline -0.002 -17"><span class='ocrx_word' id='word_1_406' title='bbox 78 2523 175 2563; x_wconf 83' lang='lat' dir='ltr'>Otn&#39;n</span> <span class='ocrx_word' id='word_1_407' title='bbox 187 2523 299 2578; x_wconf 81' lang='lat' dir='ltr'>(Opin</span> <span class='ocrx_word' id='word_1_408' title='bbox 312 2525 509 2580; x_wconf 85' lang='lat' dir='ltr'>legendum</span> <span class='ocrx_word' id='word_1_409' title='bbox 522 2524 638 2579; x_wconf 89' lang='lat' dir='ltr'>puto)</span> <span class='ocrx_word' id='word_1_410' title='bbox 655 2537 792 2575; x_wconf 75' lang='lat' dir='ltr'>vocant,</span> <span class='ocrx_word' id='word_1_411' title='bbox 810 2525 945 2579; x_wconf 79' lang='lat' dir='ltr'>distrahi</span> <span class='ocrx_word' id='word_1_412' title='bbox 961 2525 994 2563; x_wconf 84' lang='lat' dir='ltr'>in</span> <span class='ocrx_word' id='word_1_413' title='bbox 1005 2524 1163 2578; x_wconf 75' lang='lat' dir='ltr'>paludes.</span> <span class='ocrx_word' id='word_1_414' title='bbox 1188 2522 1326 2574; x_wconf 80' lang='lat' dir='ltr'>Neque</span> 
     </span>
    </p>
   </div>
  </div>
 </body>
</html>
