2015 3490
630 261 726 309 320
987 242 1546 291 VA'RIAE

630 337 725 377 Edd.
741 347 838 376 vero
857 347 992 375 omnes
1014 333 1125 376 ἱστῶν
1147 334 1314 376 servant.
1369 336 1392 375 l.
1411 337 1470 376 16.
1486 333 1686 392 Εὖμενείᾳ.)
1703 337 1766 378 Sic
1780 339 1836 380 M.
1862 340 1902 382 S.

631 390 684 429 A.
699 387 846 439 εὗμενίᾳ
867 389 949 428 edd.
1005 389 1030 427 l.
1053 403 1109 438 17.
1128 391 1192 428 col.
1211 404 1246 428 2.
1263 388 1416 442 Αὐτῶν)
1431 386 1556 430 αὐτῶν
1571 404 1660 431 cum
1683 391 1814 444 spiritu
1826 393 1905 434 leni

627 443 826 489 edebatur,
851 442 912 481 sed
936 442 1095 495 primam
1111 443 1296 496 adspirare
1317 455 1397 482 non
1419 443 1604 484 dubitavi.
1629 446 1742 498 Reitz.
1796 447 1822 484 l.
1843 457 1902 500 19.

630 497 695 535 ιλ.
716 511 748 534 1-.
764 496 966 548 Ἐχρῶντο)
983 495 1189 548 ἑκεχρῆντο
1205 497 1345 535 editum
1360 508 1453 544 erat,
1473 496 1535 536 sed
1545 499 1714 538 correxit
1726 498 1905 541 Solanus.

630 550 724 602 Pag.
742 551 870 602 215.l.
885 564 916 589 1.
928 549 996 588 Τὴν
1009 551 1231 599 παραυτίκα
1243 549 1330 603 χρ.)
1351 551 1481 603 χρείαν
1502 551 1569 591 τὴν
1584 552 1809 603 παραυτίκα
1827 555 1900 593 Ψ.

631 603 684 642 V.
741 604 765 641 l.
781 618 817 652 4.
830 602 1119 655 T&5)Om'1fl'us
1133 604 1318 642 articulus
1341 604 1379 641 in
1395 604 1476 643 edd.
1490 604 1530 643 &
1548 604 1584 644 S.
1603 605 1674 644 Sed
1688 605 1831 654 habent
1843 607 1902 647 M.

630 657 687 696 V.
704 656 734 695 Ι.
750 656 805 695 Fl.
834 658 856 694 l.
871 670 929 708 15.
941 656 1141 710 Ἐπιλανθ.)
1157 657 1261 696 ’ὀντες
1273 655 1583 706 ἐπιλανθάνεσθε,
1595 658 1693 697 male
1704 659 1779 698 Th.
1795 659 1904 712 Mag.

632 710 658 749 l.
677 711 734 749 16.
750 710 846 763 Tw')
862 711 961 749 ἐστὶν
974 711 1072 750 addit
1084 711 1136 749 V.
1148 719 1309 749 notante
1321 710 1366 748 ad
1379 711 1414 749 h.
1426 709 1450 749 l.
1463 709 1606 750 Solano
1616 739 1628 758 ‚
1653 710 1714 750 sed
1725 725 1805 752 non
1817 712 1906 753 satis

632 764 976 810 commonstrante‚
987 765 1082 803 inter
1094 776 1193 816 quae
1206 763 1325 803 verba
1341 762 1448 802 inseri
1462 764 1498 802 id
1510 764 1624 812 velit3
1638 777 1726 804 nam
1738 765 1904 806 alienum

632 817 686 857 est
701 817 891 857 hocloco.
923 821 995 856 ead.
1014 816 1088 856 Τῶν
1101 816 1243 870 λόγων)
1257 815 1324 855 τοῦ
1339 816 1455 870 λέγον
1465 817 1522 857 Μ.
1534 818 1586 856 V.
1614 818 1706 870 Pag.
1725 821 1815 860 216.
1829 821 1853 858 l.
1867 835 1903 861 1.

624 870 700 925 ‘'A)
720 872 939 910 Pronomen
962 872 1037 910 hoc
1058 871 1097 909 in
1114 871 1169 909 M.
1190 870 1358 909 additum
1372 883 1394 909 a
1407 872 1623 911 recentiore
1642 884 1771 912 manu.
1828 875 1853 913 l.
1866 873 1906 913 6.

632 924 891 977 Μισξὲσφορὲιν)
907 924 966 964 Sic
980 924 1034 962 Fl.
1050 924 1078 962 I.
1093 924 1140 962 P.
1155 924 1211 962 H.
1229 926 1267 962 S.
1282 924 1323 961 F.
1338 924 1389 962 A.
1409 938 1441 963 1.
1485 927 1558 963 ead.
1577 920 1644 963 Οἷς
1656 924 1674 978 )
1687 921 1748 965 οὓς
1767 938 1903 978 margo

635 979 687 1016 A.
698 993 712 1017 1
727 982 782 1016 W.
823 979 846 1016 l.
859 992 897 1027 7.
919 981 1029 1016 Μετὰ
1042 976 1249 1030 'minuerat
1260 980 1304 1017 σὺ
1320 976 1418 1016 male
1432 979 1500 1017 W.
1514 978 1554 1017 δι
1569 978 1626 1017 Fl.
1648 980 1685 1017 .l.
1703 992 1715 1016 ι
1726 993 1758 1018 2.
1775 978 1874 1019 ἐστὶν

632 1032 790 1071 Habent
806 1032 880 1071 hoc
895 1031 1003 1071 verb.
1016 1031 1098 1070 edd.
1117 1043 1260 1070 omnes.
1323 1031 1348 1069 l.
1368 1032 1426 1070 16.
1443 1030 1636 1084 Eia-256⁸)
1659 1030 1777 1072 Deest
1790 1033 1827 1072 in
1845 1033 1875 1072 F
1891 1063 1904 1073 .
1976 1043 1979 1047 ⁴

634 1084 864 1138 Agnoscunt
876 1086 958 1124 edd.
972 1085 1070 1124 Item
1084 1085 1142 1124 M.
1155 1084 1194 1124 P.
1210 1096 1309 1137 quae
1328 1083 1379 1123 εἰς
1399 1078 1499 1124 αὖθις
1512 1085 1726 1125 ἀίεἰυηξὶίηι
1739 1086 1880 1128 habent
1890 1117 1905 1136 ,

635 1151 726 1178 cum
742 1140 770 1177 I.
786 1140 826 1177 δε
843 1140 894 1178 Α.
909 1153 921 1177 ι
932 1169 942 1178 .
1004 1139 1095 1192 Pag.
1109 1152 1195 1186 217.
1211 1139 1234 1175 l.
1249 1151 1283 1187 5.
1297 1137 1577 1192 Ἐξελκομένου)
1594 1140 1760 1189 ἐσελκομ.
1777 1139 1905 1180 Gron.

634 1192 708 1231 Sed
721 1192 913 1244 vulgatam
927 1192 1080 1231 servant
1093 1191 1176 1231 edd.
1191 1191 1232 1230 δι
1245 1192 1300 1230 Μ.
1357 1192 1378 1229 l.
1400 1193 1435 1230 6.
1453 1188 1600 1245 Οὔὲὲν)
1622 1187 1688 1231 aas
1691 1191 1707 1231 ὲ
1726 1194 1798 1232 W.
1827 1194 1851 1232 l.
1865 1207 1905 1246 9·

633 1244 846 1299 Ἁπάντων)
861 1244 1024 1285 ἅπαντα.
1038 1245 1126 1285 Pell.
1154 1246 1178 1283 l.
1188 1259 1248 1294 14.
1259 1244 1420 1297 Ἀκμὲις)
1433 1244 1592 1297 αἰχμὰς
1603 1245 1670 1285 Br.
1683 1245 1756 1285 Sed
1769 1247 1908 1298 vulga-

636 1312 715 1338 tam
729 1298 882 1339 servant
893 1300 976 1338 edd.
991 1300 1031 1338 δι
1045 1300 1100 1338 Μ.
1181 1299 1272 1350 Pag.
1288 1313 1310 1337 2
1320 1298 1376 1337 18.
1390 1300 1414 1338 l.
1432 1313 1470 1339 2.
1485 1299 1648 1352 Eoewtbv)
1664 1302 1822 1339 σεαυτδν
1832 1302 1907 1342 Ψ.

637 1353 660 1392 l.
673 1368 710 1401 4.
723 1353 858 1406 Λάρος)
872 1353 1022 1404 Λάβραξ
1038 1364 1171 1404 margo
1183 1353 1259 1390 A.1
1274 1355 1330 1390 W.
1358 1352 1383 1391 l.
1395 1351 1431 1390 8.
1444 1351 1764 1406 Γραμματιστῶν)
1776 1368 1906 1406 ’γραμ-
1969 1373 1974 1377 ·

635 1407 810 1456 μοιτικῶν
829 1407 922 1446 alios
938 1407 1072 1459 legero
1082 1415 1195 1446 notat
1212 1405 1386 1445 Solanus.
1408 1405 1500 1444 Non
1522 1418 1651 1446 autem
1673 1406 1772 1446 addit
1790 1420 1904 1459 quos.

634 1460 729 1500 Edd.
748 1461 850 1499 enim
873 1458 1183 1513 γραμματιστῶν
1205 1458 1422 1499 constanter
1444 1458 1597 1499 servant
1619 1473 1708 1500 cum
1728 1460 1828 1500 Cod.
1847 1461 1907 1501 M.

634 1516 659 1552 l.
679 1528 716 1566 9.
733 1513 924 1568 Παιδείᾳ)
946 1514 1144 1554 παιέείαις
1156 1514 1227 1552 W.
1239 1514 1290 1552 V.
1307 1513 1378 1553 Sed
1391 1513 1485 1552 nihil
1498 1526 1518 1552 a
1530 1514 1636 1567 vulg.
1646 1514 1788 1554 abeunt
1804 1513 1858 1554 Fl.
1874 1514 1908 1556 I.

635 1568 684 1605 P.
702 1569 756 1606 H.
785 1569 809 1607 l.
824 1581 883 1607 10.
900 1567 974 1621 Δὲ)
989 1567 1050 1608 Sic
1063 1567 1145 1608 edd.
1161 1567 1200 1607 δι
1215 1567 1270 1606 Μ.
1287 1568 1326 1607 δι
1342 1568 1393 1606 V.
1420 1569 1492 1605 ead.
1505 1567 1665 1608 Ἐπίποιν
1677 1567 1804 1621 ὅντων)
1824 1567 1907 1608 ἐπι.

637 1621 826 1672 παρόντων
842 1621 912 1661 Ms.
925 1622 968 1661 B.
980 1621 1051 1661 Sed
1065 1621 1259 1673 vulgatam
1270 1620 1450 1660 exhibent
1463 1621 1543 1660 edd.
1558 1620 1598 1660 δι
1609 1621 1666 1661 Μ.
1696 1622 1719 1660 Ι.
1735 1621 1905 1676 19..Τοῖς)

636 1673 705 1714 τῆς
717 1675 856 1715 vitiose
872 1677 902 1714 I.
957 1676 981 1713 l.
998 1689 1010 1712 1
1021 1674 1230 1728 3.·Ἀλλοις)
1243 1674 1384 1714 Forsan
1399 1675 1568 1715 πολλοῖς.
1579 1676 1665 1714 Vid.
1682 1674 1781 1714 infra
1793 1687 1825 1715 c.
1843 1688 1905 1728 ¹3·

636 1729 758 1767 Solan.
773 1729 829 1768 At
840 1726 968 1769 ἄλλοις
981 1728 1093 1769 habet
1108 1729 1223 1768 etiam
1237 1729 1293 1767 M.
1307 1729 1361 1767 H.
1374 1727 1403 1766 F
1406 1727 1427 1766 1.
1439 1729 1485 1769 P.
1500 1730 1573 1768 διε.
1613 1729 1702 1781 Pag.
1721 1743 1742 1768 2
1752 1741 1809 1781 ¹9·
1828 1729 1851 1768 l.
1869 1743 1906 1781 3.

636 1781 874 1836 Ἐπιτίμιον)
889 1782 1070 1833 ἐπιτιμῶν
1087 1797 1147 1822 τις
1162 1784 1210 1821 Α.
1224 1782 1263 1821 Ρ.
1280 1783 1452 1830 ἐπίτιμον
1467 1783 1504 1821 τὶ
1523 1782 1603 1821 edd.
1620 1783 1708 1822 item
1725 1783 1779 1821 M.
1794 1781 1835 1821 δι
1849 1781 1903 1823 V.
1959 1794 1967 1800 ’
2012 1803 2015 1830 i

642 1834 713 1874 Sed
724 1849 841 1889 marg.
852 1838 903 1875 A.
913 1850 927 1874 1
940 1840 995 1875 W.
1008 1835 1194 1885 ἐπιτίμιον
1207 1835 1318 1875 reete.
1341 1837 1363 1874 l.
1373 1830 1550 1888 6.”Αξιον)
1560 1836 1670 1886 ἀξιῶν
1678 1838 1749 1875 W.
1759 1835 1799 1875 P.
1812 1835 1905 1887 ἀξίῳ

638 1889 682 1928 L.
694 1890 902 1942 Vulgatam
915 1901 1073 1929 tuentur
1087 1890 1140 1928 H.
1157 1889 1213 1929 Fl.
1233 1890 1279 1927 P.
1298 1892 1340 1928 S.
1392 1894 1466 1928 ead.
1483 1889 1700 1941 Συνουο-ιῶν)
1716 1890 1913 1941 ξυνουσιᾰν.

638 1944 711 1983 W.
727 1943 864 1983 Misere
881 1943 936 1982 Fl.
955 1945 987 1982 u'.
1003 1958 1075 1993 μου
1089 1943 1190 1982 σῶν.
1219 1943 1243 1981 l.
1257 1942 1292 1982 8.
1309 1942 1571 1996 Meczosords'v)
1587 1943 1649 1982 Sic
1657 1945 1728 1982 W.
1743 1943 1785 1982 Ι...
1795 1943 1848 1983 V.
1863 1944 1904 1983 δι

639 2009 762 2049 marg.
776 2000 826 2036 A.
845 2011 858 2036 1
881 2001 936 2036 W.
952 1996 1156 2037 Μισῢωτῶν
1170 1997 1215 2036 Ρ.
1232 1998 1284 2035 H.
1303 1997 1357 2035 Fl.
1371 1999 1410 2036 S.
1454 1997 1478 2034 l.
1497 2011 1511 2035 1
1525 2011 1556 2035 1.
1569 1996 1724 2037 Ἀποκλ.
1739 1993 1907 2051 αὐτοὺς)
1956 2033 1960 2037 .

639 2048 779 2089 αὐτοὺς
790 2052 862 2090 W.
876 2051 968 2090 Edd.
984 2063 1118 2090 omnes
1132 2046 1279 2090 αὗτσὺς.
1310 2052 1333 2090 l.
1347 2064 1361 2089 1
1371 2050 1406 2090 6.
1425 2049 1582 2103 Οἰκίας)
1598 2051 1734 2090 οἰκείας
1745 2052 1815 2090 Ψ.
1826 2063 1908 2089 ma·

638 2102 688 2143 le.
720 2106 810 2156 Pag.
829 2117 916 2145 220.
928 2106 952 2143 l.
967 2120 1003 2153 4.
1021 2103 1196 2157 nonio-21)
1210 2102 1373 2143 ποιεῖσαι
1388 2105 1418 2143 Ι.
1455 2105 1481 2142 l.
1494 2104 1529 2143 6.
1544 2102 1825 2157 Προεξετέισας)
1844 2103 1905 2144 Si'c

639 2157 699 2197 M.
715 2158 756 2198 δι
771 2159 823 2197 V.
837 2157 950 2197 recte.
971 2159 1060 2197 Edd.
1075 2171 1210 2197 omnes
1225 2158 1322 2197 male
1336 2157 1618 2209 παρεξετάσας.
1675 2157 1698 2195 l.
1716 2157 1753 2196 8.
1766 2157 1906 2196 Ἐθελο-

637 2210 834 2265 ἒουλείας)
846 2212 906 2252 Sic
918 2212 997 2251 edd.
1018 2212 1058 2251 δι
1070 2213 1125 2251 M.
1140 2212 1212 2252 Sed
1223 2224 1357 2251 manus
1369 2212 1558 2250 recentior
1571 2209 1711 2251 fecerat
1724 2209 1906 2250 {emascu-

641 2265 767 2312 λεΐας,
779 2266 890 2305 male.
918 2267 941 2306 l.
957 2279 1014 2305 10.
1025 2265 1178 2318 Ἱκανὸν)
1194 2268 1316 2306 καινδν
1331 2266 1369 2304 Ρ.
1384 2266 1434 2304 A.
1449 2265 1488 2304 δι
1501 2277 1634 2330 margo
1645 2266 1694 2303 A.
1705 2279 1718 2302 1
1731 2268 1780 2302 W
1780 2295 1788 2303 .
1802 2263 1905 2304 Cum

641 2319 797 2372 vulgata
812 2319 954 2359 faciunt
969 2320 1050 2359 edd.
1066 2332 1170 2359 omn.
1190 2320 1229 2358 δι
1246 2319 1300 2358 Μ.
1351 2320 1374 2357 l.
1391 2320 1447 2358 16.
1465 2316 1553 2357 Oss‘t'
1566 2317 1626 2357 ἐτι
1638 2318 1778 2372 εἰπεῖν)
1799 2319 1907 2358 Haec

640 2373 770 2412 omnia
780 2373 902 2426 usque
914 2374 960 2412 ad
970 2372 1132 2413 sesam
1155 2373 1310 2412 deerant
1326 2373 1363 2411 in
1382 2373 1563 2412 omnibus
1587 2373 1750 2412 omnino
1763 2371 1843 2411 edd.
1865 2372 1906 2412 δι

641 2426 699 2465 Μ.
713 2426 802 2466 Sola
821 2440 920 2467 vero
941 2428 1032 2466 lunt.
1051 2427 1222 2466 habebat.
1238 2427 1309 2466 Sed
1328 2440 1377 2466 ex
1393 2426 1556 2465 Scholiis
1575 2425 1777 2479 irrepsere,
1791 2425 1905 2465 &vi-

641 2480 736 2520 tiose
751 2480 930 2533 descripta
944 2480 1038 2520 sunt.
1095 2482 1183 2534 Pag.
1199 2494 1286 2519 221.
1299 2482 1321 2519 l.
1343 2494 1398 2519 12.
1411 2479 1578 2532 Ἐνὲεῶὴ
1591 2480 1712 2519 ἐνδεὲς
1728 2479 1772 2518 L.
1800 2479 1824 2517 l.
1844 2479 1906 2518 16.

638 2535 705 2573 col.
718 2548 754 2574 2.
762 2534 828 2588 Ἃ)
839 2535 943 2575 Ante
956 2534 994 2576 h.
1006 2549 1046 2575 v.
1058 2535 1190 2589 ingens
1207 2534 1343 2574 lacuna
1355 2532 1504 2588 punctis
1516 2533 1697 2587 descripta
1707 2533 1837 2573 eratin
1846 2532 1905 2573 ed.
