2015 3490
646 226 740 288 396
836 221 1715 276 ANNOTATIONES

698 311 778 349 ibid.
789 311 1020 366 Δακτύλων)
1035 312 1237 352 Notiffima
1252 312 1372 353 doctis
1383 312 1437 354 est
1449 313 1620 362 historia,
1638 327 1753 367 quam
1767 315 1908 356 Lucia:

643 376 718 403 nus
738 364 797 404 hic
811 364 917 417 quasi
932 366 969 404 in
984 365 1122 405 tabella
1134 366 1432 406 artificiofiffime
1442 367 1579 419 pictam
1596 369 1790 420 proponit.
1813 370 1907 409 Eam

644 427 777 457 autem
797 418 834 456 in
847 419 1017 459 tironum
1033 421 1216 471 gratiam,
1239 421 1379 472 quibus
1389 420 1435 459 ad
1447 434 1602 460 manum
1618 434 1697 461 non
1712 421 1765 461 est
1775 423 1909 462 Hero-

644 470 781 516 dotus,
799 473 928 524 paucis
946 473 1122 513 narrabo.
1144 472 1371 525 Polycrates
1382 474 1419 512 in
1433 475 1610 513 omnibus
1623 473 1801 527 prospera
1821 474 1911 516 usus

644 522 802 563 fortuna
818 537 997 566 monetur
1012 526 1059 565 ab
1075 526 1204 566 Amafi
1218 527 1390 580 Aegypti
1404 520 1517 579 rege‘,
1541 539 1582 567 ut
1596 527 1791 568 fortunam
1798 528 1908 580 saevo

645 577 768 616 laetam
783 579 913 630 negotio
924 580 1070 632 placet,
1087 592 1130 619 re
1142 590 1226 619 tum
1245 579 1528 633 pretiosiffima,
1545 592 1629 620 tum
1643 581 1710 620 fibi
1722 582 1908 623 cariffima

643 631 700 670 ita
716 644 738 669 a
751 630 825 672 sese
837 632 1024 685 ablegata,
1035 644 1080 672 ut
1090 634 1170 673 eius
1181 647 1344 687 compos
1355 646 1555 686 nunquam
1566 633 1643 675 fiat.
1656 635 1692 675 Is
1701 635 1832 687 itaque
1843 649 1909 675 an-

644 685 802 732 nulum,
821 699 901 738 quo
917 688 1080 726 maxime
1098 687 1308 739 gaudebat,
1329 688 1368 726 in
1386 700 1490 726 mare
1505 700 1642 740 magna
1661 701 1749 728 cum
1764 702 1907 743 pompa

646 739 810 790 proiicit.
824 739 879 778 At
893 740 925 778 is
936 741 1070 792 paucis
1083 740 1168 791 post
1174 741 1306 780 diebus
1317 742 1364 780 ab
1376 742 1460 780 eius
1472 753 1602 794 coquo
1612 742 1650 781 in
1661 743 1823 784 eximiae
1832 757 1911 783 ma-

645 792 852 844 gnitudinis
867 791 982 844 pisce,
1001 794 1067 845 qui
1083 793 1279 845 Polycrati
1296 797 1322 833 a'
1336 793 1588 847 piscatoribus
1612 797 1758 835 muneri
1779 795 1910 837 miffus

645 846 786 891 fuerat,
799 858 970 898 repertus
984 848 1030 886 ad
1044 847 1162 900 ipsum
1179 847 1360 887 defertur.
1377 847 1538 900 Quibus
1551 849 1597 888 ad
1611 849 1777 888 Amasim
1790 850 1909 903 perla-

645 899 708 945 tis,
720 899 817 938 maie
829 901 874 939 de
886 900 1097 951 Polycratis
1112 901 1216 940 exitu
1227 901 1390 941 ominari
1400 901 1657 954 coepit5Haec
1670 913 1712 942 tu
1723 903 1770 942 ab
1783 904 1909 944 Hero-
1930 903 1940 911 ‘

644 953 742 991 doto
754 965 930 992 enarrata
945 954 1063 1007 legito
1075 954 1139 993 lib.
1157 954 1211 994 111
1222 984 1232 1002 ‚
1248 969 1286 1008 p.
1305 968 1320 992 1
1333 968 1375 1007 13
1389 956 1430 994 δι
1448 968 1532 1008 131.
1556 955 1714 995 SOLAN.

701 1008 772 1044 ead.
791 1006 815 1044 l.
833 1021 866 1046 2.
891 1004 994 1056 Νησῳ
1009 1008 1043 1046 ἑν
1055 1007 1256 1061 ἀμφιρύτῃ)
1279 1009 1322 1047 In
1337 1011 1443 1048 Samo
1460 1009 1589 1060 infida:
1609 1009 1662 1048 est
1675 1020 1802 1049 autem
1822 1010 1911 1050 Ho-

646 1060 836 1099 mericum
850 1060 1127 1100 hemistichium
1139 1060 1277 1113 Odyff.
1291 1062 1329 1101 A
1340 1092 1351 1111 ,
1368 1075 1426 1115 50.
1442 1063 1531 1102 Hoc
1543 1075 1656 1108 vero,
1670 1063 1850 1107 βασιλεὺς
1863 1062 1910 1103 st

647 1113 706 1153 τὶς
719 1112 888 1164 εὔχεται
902 1110 995 1154 εἶναι
1006 1143 1017 1160 ,
1031 1127 1080 1154 ex
1091 1127 1140 1154 eo
1153 1118 1291 1167 po'e'tae
1302 1114 1470 1155 sumtum
1483 1114 1537 1155 est
1549 1115 1624 1155 Od.
1640 1119 1668 1153 A
1680 1146 1692 1164 ,
1711 1116 1783 1156 180
1793 1147 1804 1166 ‚
1817 1119 1912 1156 Μέν-

646 1180 715 1206 της
729 1166 956 1221 Ἀγχιλέιοιο
973 1167 1166 1220 ἑάΐφρονος
1181 1169 1348 1221 εὔχεται
1369 1165 1463 1208 εἶναι
1482 1168 1592 1209 ‘Tuas-
1618 1180 1683 1209 aut
1702 1169 1838 1223 Odyss'.
1862 1175 1911 1217 E,

647 1233 742 1271 450,
758 1219 880 1261 ἱκετης
894 1220 941 1260 se‘
955 1235 1012 1259 τοι
1026 1221 1196 1273 εὔχομαι
1213 1219 1316 1262 εἶναι.
1342 1222 1482 1262 BROD.

700 1274 778 1311 ibid.
790 1273 1034 1328 Ἀμφιρῥὺτη)
1043 1275 1105 1315 Sic
1117 1274 1295 1316 mendose
1306 1276 1376 1315 vul
1403 1289 1429 1315 o
1438 1276 1597 1328 legitur3
1610 1289 1699 1317 cum
1711 1277 1820 1317 metri
1831 1277 1911 1326 lex,

645 1328 776 1366 utiam
799 1328 919 1379 probe
935 1328 1030 1367 vidit
1045 1329 1236 1369 Graevius
1248 1359 1259 1376 ‚
1275 1328 1385 1382 postu
1401 1340 1440 1369 et
1458 1330 1653 1382 ἀμφιρύτῃ·
1674 1330 1716 1370 &
1737 1331 1788 1370 ita
1809 1330 1911 1370 reae

645 1381 764 1420 editio
777 1381 806 1420 F
809 1382 881 1420 ior.
899 1381 1019 1421 Reae
1038 1396 1198 1436 quoque
1219 1383 1315 1422 idem
1330 1383 1451 1423 hocin
1464 1383 1717 1436 philopatride
1730 1397 1760 1423 c.
1776 1398 1812 1437 9.
1837 1384 1911 1424 Sed

645 1435 687 1474 δι
705 1435 813 1480 alibi,
829 1435 893 1474 ubi
908 1435 970 1474 vel
984 1436 1119 1489 integri
1135 1436 1278 1483 versus,
1295 1437 1359 1476 vel
1373 1436 1604 1476 hemistichia
1615 1436 1857 1489 usurpantur,
1871 1438 1911 1477 in

646 1501 773 1528 metro
794 1500 992 1541 peccatum
1006 1489 1070 1529 est.
1097 1490 1156 1530 Sic
1171 1492 1210 1529 in
1225 1490 1350 1529 iisdem
1363 1491 1423 1529 his
1434 1490 1798 1542 Contemplantibus
1809 1503 1843 1531 c.
1857 1504 1908 1531 22

644 1542 866 1595 legendum,
885 1543 1044 1582 Κατθαν’
1055 1543 1153 1593 ὅμως
1165 1543 1198 1592 3,
1209 1545 1244 1583 τ’
1255 1542 1423 1593 ἄτυμβος
1436 1544 1534 1594 ἀνὴρ,
1546 1543 1585 1583 ὅς
1599 1545 1635 1582 τ’
1646 1543 1800 1596 ἔλλαχε
1813 1544 1910 1594 τύμ-

645 1597 727 1642 βου,
751 1608 831 1635 non
843 1596 988 1647 ἔλαχε,
1001 1607 1043 1636 ut
1054 1598 1211 1637 editum.
1232 1598 1412 1638 Similiter
1424 1599 1463 1637 in
1473 1596 1778 1638 Reviviscentib.
1800 1611 1914 1648 c.41,

648 1649 779 1688 Κεῒται
796 1649 833 1689 δ’
844 1650 878 1688 ἑν
892 1650 1068 1698 μέσσοισι
1084 1651 1150 1690 soa
1165 1651 1321 1704 χρυσοῖο
1335 1652 1528 1697 τάλαντα,
1545 1663 1624 1691 non
1638 1651 1786 1702 μέσοισι
1799 1680 1810 1699 ,
1823 1650 1913 1690 scri-

646 1703 827 1742 bendum.
841 1702 985 1743 Versus
998 1705 1027 1743 is
1037 1705 1091 1744 est
1105 1706 1338 1745 Homer-VIA.
1349 1711 1395 1752 Σ,
1409 1718 1493 1757 500.
1508 1704 1814 1756 ΙΕΝ3.Ἀμφιρὺτῃ
1829 1704 1911 1746 scri-

646 1755 715 1796 bas
729 1756 884 1809 fimplici
899 1774 915 1808 ρ
930 1770 1018 1796 cum
1029 1759 1083 1796 Fl.
1096 1771 1176 1798 non
1187 1759 1349 1811 duplici,
1364 1769 1406 1798 ut
1422 1759 1459 1797 in
1471 1758 1637 1811 reliquis.
1661 1758 1820 1799 SOLAN.

700 1813 772 1849 ead.
787 1811 810 1849 l.
824 1826 860 1859 4.
881 1811 1139 1865 Πολυκράτην)
1154 1812 1378 1852 Herodotus
1391 1813 1430 1850 in
1445 1812 1597 1852 Thalia.
1619 1812 1759 1851 BROD.

702 1867 774 1903 ead.
785 1865 856 1914 l.7.
873 1864 1117 1919 Μαιανδρίου)
1135 1866 1209 1905 Hic
1226 1866 1357 1906 herum
1378 1866 1525 1918 prodit3
1543 1865 1653 1918 supra
1666 1865 1912 1918 tyrannidem

647 1916 725 1971 ipse
739 1917 941 1971 occupasse
953 1918 1088 1957 dicitur
1104 1923 1187 1957 Μεν.
1201 1933 1235 1958 c.
1256 1920 1313 1959 16.
1340 1919 1499 1958 SOLAN.

701 1973 778 2011 ibid.
797 1970 958 2024 Ὀροιτη)
975 1971 1081 2011 Dion
1098 1972 1235 2025 Chrys.
1251 1973 1323 2012 Or.
1338 1973 1478 2019 XVII,
1502 1987 1538 2025 p.
1557 1985 1650 2025 251:
1665 1973 1735 2012 Καὶ
1750 1973 1823 2022 μὴν
1839 1978 1913 2012 Πο-

648 2027 817 2078 λυκράτη
838 2027 939 2075 φασὶ
955 2047 1032 2054 —
1046 2025 1341 2066 ἒιαπλεύσαντα
1358 2029 1450 2078 πρὸς
1465 2027 1644 2078 Ὀρόντην,
1664 2021 1711 2066 (ὃς
1723 2022 1911 2080 χρηματα

649 2082 773 2125 λάβοι,
787 2079 889 2131 (anst
904 2079 1032 2131 ῥᾳὲίου
1041 2095 1091 2133 ’γε
1103 2081 1268 2119 ᾖανατου
1281 2081 1432 2131 τυχεῖν,
1448 2081 1556 2118 ἀλλὰ
1569 2078 1910 2120 ἀνασκολοπισθέν-

647 2147 704 2172 τα
717 2132 789 2173 ὑπὸ
804 2132 869 2171 τοῦ
882 2134 1061 2186 Βαρβαρου
1075 2133 1328 2185 διαφθαρῆναι·
1340 2134 1452 2180 idem,
1463 2135 1518 2173 uti
1530 2134 1650 2178 vides,
1662 2134 1767 2186 quod
1780 2135 1911 2174 Lucia-

648 2199 734 2234 nus,
751 2189 916 2227 verbum
930 2187 1147 2239 usurpavit:
1174 2188 1354 2239 Satrapae
1369 2201 1511 2227 nomen
1526 2187 1637 2226 unius
1648 2187 1776 2227 literae
1789 2188 1913 2227 discri-

650 2254 739 2280 men
754 2242 879 2281 habet.
894 2241 1002 2294 Quia
1016 2241 1241 2281 Herodotus
1259 2241 1421 2293 Ὀροίτην
1437 2241 1621 2286 vocavit,
1642 2253 1731 2279 eam
1746 2239 1911 2280 formam

649 2295 734 2347 post
747 2295 964 2335 Viciorium
989 2296 1133 2348 ubique
1156 2295 1364 2334 restitutam
1390 2295 1530 2335 volunt
1549 2294 1688 2334 er‘uditi
1708 2295 1802 2334 viri:
1826 2295 1910 2347 lege

650 2361 761 2388 notas
776 2350 832 2388 Io.
848 2349 994 2388 Davisii
1007 2350 1053 2388 ad
1066 2349 1243 2389 Ciceron.
1262 2349 1307 2388 de
1320 2349 1359 2387 F.
1375 2349 1417 2388 B.
1434 2350 1475 2388 δι
1488 2349 1543 2388 Μ.
1557 2349 1612 2394 V,
1629 2361 1689 2400 31.
1711 2348 1795 2400 Ego
1806 2377 1817 2395 ‚
1843 2349 1910 2401 qui

650 2402 868 2455 persuasum
882 2403 1039 2442 habeam
1052 2435 1063 2452 ‚
1087 2415 1108 2441 a
1127 2402 1283 2442 diverfis
1297 2402 1518 2442 au&oribiis
1533 2415 1613 2441 non
1630 2401 1785 2453 prorsus
1799 2400 1908 2441 simili

651 2457 770 2495 modo
784 2456 996 2508 Polycratis
1018 2457 1210 2496 historiam
1225 2456 1297 2496 esse
1313 2456 1519 2495 memoriae
1534 2455 1719 2508 proditam
1729 2486 1740 2503 ‚
1759 2465 1910 2494 utrum-

649 2523 728 2564 que
740 2511 896 2565 Ὀροίτην
913 2511 953 2552 &
965 2509 1127 2565 Ὀρόντην
1139 2510 1379 2552 retinendum
1390 2510 1538 2561 iudico,
1552 2511 1591 2551 δι
1605 2509 1715 2554 MSS.
1729 2509 1845 2551 duces
1855 2507 1910 2560 se«,
